<?xml version="1.0" encoding="UTF-8"?>
<collection xmlns="http://www.loc.gov/MARC21/slim">
  <record>
    <leader>00799cam a2200241 a 4500</leader>
    <controlfield tag="001">   00282214 </controlfield>
    <controlfield tag="003">DLC</controlfield>
    <controlfield tag="005">20090120022042.0</controlfield>
    <controlfield tag="008">000417s1998    pk            000 0 urdo </controlfield>
    <datafield tag="010" ind1=" " ind2=" ">
      <subfield code="a">   00282214 </subfield>
    </datafield>
    <datafield tag="025" ind1=" " ind2=" ">
      <subfield code="a">P-U-00282214; 05; 06</subfield>
    </datafield>
    <datafield tag="040" ind1=" " ind2=" ">
      <subfield code="a">DLC</subfield>
      <subfield code="c">DLC</subfield>
      <subfield code="d">DLC</subfield>
    </datafield>
    <datafield tag="041" ind1="1" ind2=" ">
      <subfield code="a">urd</subfield>
      <subfield code="h">snd</subfield>
    </datafield>
    <datafield tag="042" ind1=" " ind2=" ">
      <subfield code="a">lcode</subfield>
    </datafield>
    <datafield tag="050" ind1="0" ind2="0">
      <subfield code="a">PK2788.9.A9</subfield>
      <subfield code="b">F55 1998</subfield>
    </datafield>
    <datafield tag="100" ind1="1" ind2=" ">
      <subfield code="a">Ayaz, Shaikh,</subfield>
      <subfield code="d">1923-1997.</subfield>
    </datafield>
    <datafield tag="245" ind1="1" ind2="0">
      <subfield code="a">Fikr-i Ayāz /</subfield>
      <subfield code="c">murattibīn, Āṣif Farruk̲h̲ī, Shāh Muḥammad Pīrzādah.</subfield>
    </datafield>
    <datafield tag="260" ind1=" " ind2=" ">
      <subfield code="a">Karācī :</subfield>
      <subfield code="b">Dāniyāl,</subfield>
      <subfield code="c">[1998]</subfield>
    </datafield>
    <datafield tag="300" ind1=" " ind2=" ">
      <subfield code="a">375 p. ;</subfield>
      <subfield code="c">23 cm.</subfield>
    </datafield>
    <datafield tag="520" ind1=" " ind2=" ">
      <subfield code="a">Selected poems and articles from the works of renowned Sindhi poet; chiefly translated from Sindhi.</subfield>
    </datafield>
    <datafield tag="546" ind1=" " ind2=" ">
      <subfield code="a">In Urdu.</subfield>
    </datafield>
    <datafield tag="700" ind1="1" ind2=" ">
      <subfield code="a">Farruk̲h̲ī, Āṣif,</subfield>
      <subfield code="d">1959-</subfield>
    </datafield>
    <datafield tag="700" ind1="1" ind2=" ">
      <subfield code="a">Pīrzādah, Shāh Muḥammad.</subfield>
    </datafield>
  </record>