
  <record>
    <leader>00778cam a22002417a 4500</leader>
    <controlfield tag="001">   00282371 </controlfield>
    <controlfield tag="003">DLC</controlfield>
    <controlfield tag="005">20090120021204.0</controlfield>
    <controlfield tag="008">000509s1986    pk            000 0 urdo </controlfield>
    <datafield tag="010" ind1=" " ind2=" ">
      <subfield code="a">   00282371 </subfield>
    </datafield>
    <datafield tag="025" ind1=" " ind2=" ">
      <subfield code="a">P-U-00282371; 08</subfield>
    </datafield>
    <datafield tag="040" ind1=" " ind2=" ">
      <subfield code="a">DLC</subfield>
      <subfield code="c">DLC</subfield>
      <subfield code="d">DLC</subfield>
    </datafield>
    <datafield tag="041" ind1="1" ind2=" ">
      <subfield code="a">urd</subfield>
      <subfield code="h">snd</subfield>
    </datafield>
    <datafield tag="042" ind1=" " ind2=" ">
      <subfield code="a">lcode</subfield>
    </datafield>
    <datafield tag="050" ind1="0" ind2="0">
      <subfield code="a">MLCME 2002/02660 (D)</subfield>
    </datafield>
    <datafield tag="100" ind1="1" ind2=" ">
      <subfield code="a">Ayaz, Shaikh,</subfield>
      <subfield code="d">1923-1997.</subfield>
    </datafield>
    <datafield tag="245" ind1="1" ind2="0">
      <subfield code="a">Sāhivāl jail kī ḍāʼirī /</subfield>
      <subfield code="c">Shaik̲h̲ Ayāz; tarjumah, Kiran Singh.</subfield>
    </datafield>
    <datafield tag="260" ind1=" " ind2=" ">
      <subfield code="a">Karācī :</subfield>
      <subfield code="b">Maktabah-yi Dāniyāl,</subfield>
      <subfield code="c">1986.</subfield>
    </datafield>
    <datafield tag="300" ind1=" " ind2=" ">
      <subfield code="a">232 p. ;</subfield>
      <subfield code="c">23 cm.</subfield>
    </datafield>
    <datafield tag="500" ind1=" " ind2=" ">
      <subfield code="a">Translated from Sindhi.</subfield>
    </datafield>
    <datafield tag="504" ind1=" " ind2=" ">
      <subfield code="a">Includes bibliographical references.</subfield>
    </datafield>
    <datafield tag="520" ind1=" " ind2=" ">
      <subfield code="a">Author's memoirs during his imprisonment in Sahiwal District jail during late 1960s.</subfield>
    </datafield>
    <datafield tag="546" ind1=" " ind2=" ">
      <subfield code="a">In Urdu.</subfield>
    </datafield>
  </record>