
  <record>
    <leader>01988cam a2200421 a 4500</leader>
    <controlfield tag="001">   00313831 </controlfield>
    <controlfield tag="003">DLC</controlfield>
    <controlfield tag="005">20090121100001.0</controlfield>
    <controlfield tag="008">010611s2000    ir       b    001 0dper d</controlfield>
    <datafield tag="010" ind1=" " ind2=" ">
      <subfield code="a">   00313831 </subfield>
    </datafield>
    <datafield tag="020" ind1=" " ind2=" ">
      <subfield code="a">9645625963</subfield>
    </datafield>
    <datafield tag="035" ind1=" " ind2=" ">
      <subfield code="a">(CStRLIN)DCLN01-B3014</subfield>
    </datafield>
    <datafield tag="040" ind1=" " ind2=" ">
      <subfield code="a">MH</subfield>
      <subfield code="c">MH</subfield>
      <subfield code="d">CStRLIN</subfield>
      <subfield code="d">DLC-R</subfield>
    </datafield>
    <datafield tag="042" ind1=" " ind2=" ">
      <subfield code="a">lccopycat</subfield>
      <subfield code="a">lcode</subfield>
    </datafield>
    <datafield tag="043" ind1=" " ind2=" ">
      <subfield code="a">a-ir---</subfield>
    </datafield>
    <datafield tag="050" ind1="0" ind2="0">
      <subfield code="a">DS318.84.N87</subfield>
      <subfield code="b">N87 2000</subfield>
    </datafield>
    <datafield tag="066" ind1=" " ind2=" ">
      <subfield code="c">(3</subfield>
      <subfield code="c">(4</subfield>
    </datafield>
    <datafield tag="100" ind1="1" ind2=" ">
      <subfield code="6">880-01</subfield>
      <subfield code="a">Nūrī, ʻAbd Allāh,</subfield>
      <subfield code="d">1949-</subfield>
    </datafield>
    <datafield tag="245" ind1="1" ind2="0">
      <subfield code="6">880-02</subfield>
      <subfield code="a">Naqdī barā-yi tamām-i fuṣūl :</subfield>
      <subfield code="b">guft va gū-yi Akbar Ganjī bā ʻAbd Allāh Nūrī : bih payvast-i matn-i istīz̤āḥ-i ʻAbd Allāh Nūrī dar Majlis-i panjum.</subfield>
    </datafield>
    <datafield tag="246" ind1="1" ind2="5">
      <subfield code="a">Critique for all seasons :</subfield>
      <subfield code="b">Akbar Ganji's conversation with Abdullah Nuri</subfield>
    </datafield>
    <datafield tag="250" ind1=" " ind2=" ">
      <subfield code="6">880-03</subfield>
      <subfield code="a">Chāp-i 1.</subfield>
    </datafield>
    <datafield tag="260" ind1=" " ind2=" ">
      <subfield code="6">880-04</subfield>
      <subfield code="a">Tihrān :</subfield>
      <subfield code="b">Ṭarḥ-i Naw,</subfield>
      <subfield code="c">2000.</subfield>
    </datafield>
    <datafield tag="300" ind1=" " ind2=" ">
      <subfield code="a">245 p. ;</subfield>
      <subfield code="c">22 cm.</subfield>
    </datafield>
    <datafield tag="440" ind1=" " ind2="0">
      <subfield code="6">880-05</subfield>
      <subfield code="a">Farhang-i ʻumūmī</subfield>
    </datafield>
    <datafield tag="504" ind1=" " ind2=" ">
      <subfield code="a">Includes bibliographical references and index.</subfield>
    </datafield>
    <datafield tag="600" ind1="1" ind2="0">
      <subfield code="6">880-06</subfield>
      <subfield code="a">Nūrī, ʻAbd Allāh,</subfield>
      <subfield code="d">1949-</subfield>
      <subfield code="v">Interviews.</subfield>
    </datafield>
    <datafield tag="600" ind1="1" ind2="0">
      <subfield code="6">880-07</subfield>
      <subfield code="a">Nūrī, ʻAbd Allāh,</subfield>
      <subfield code="d">1949-</subfield>
      <subfield code="v">Trials, litigation, etc.</subfield>
    </datafield>
    <datafield tag="610" ind1="1" ind2="0">
      <subfield code="a">Iran.</subfield>
      <subfield code="b">Vizārat-i Kishvar</subfield>
      <subfield code="x">Officials and employees</subfield>
      <subfield code="v">Interviews.</subfield>
    </datafield>
    <datafield tag="651" ind1=" " ind2="0">
      <subfield code="a">Iran</subfield>
      <subfield code="x">Politics and government</subfield>
      <subfield code="y">1997-</subfield>
    </datafield>
    <datafield tag="700" ind1="1" ind2=" ">
      <subfield code="6">880-08</subfield>
      <subfield code="a">Ganjī, Akbar.</subfield>
    </datafield>
    <datafield tag="880" ind1="1" ind2=" ">
      <subfield code="6">100-01/(3/r‏</subfield>
      <subfield code="a">‏نورى، عبد الله.</subfield>
    </datafield>
    <datafield tag="880" ind1="1" ind2="0">
      <subfield code="6">245-02/(3/r‏</subfield>
      <subfield code="a">‏نقدى براى تمام فصول :‏</subfield>
      <subfield code="b">‏گفت و گوى اکبر گنجى با عبد الله نورى : به پيوست  متن استيضاح عبد الله نورى در مجلس پنجم.</subfield>
    </datafield>
    <datafield tag="880" ind1=" " ind2=" ">
      <subfield code="6">250-03/(4/r‏</subfield>
      <subfield code="a">‏چاپ 1.</subfield>
    </datafield>
    <datafield tag="880" ind1=" " ind2=" ">
      <subfield code="6">260-04/(3/r‏</subfield>
      <subfield code="a">‏تهران :‏</subfield>
      <subfield code="b">‏طرح نو،‏</subfield>
      <subfield code="c">‏‪2000‬.</subfield>
    </datafield>
    <datafield tag="880" ind1=" " ind2="0">
      <subfield code="6">440-05/(3/r‏</subfield>
      <subfield code="a">‏فرهنگ  عمومى</subfield>
    </datafield>
    <datafield tag="880" ind1="1" ind2="4">
      <subfield code="6">600-06/(3/r‏</subfield>
      <subfield code="a">‏نورى، عبد الله.</subfield>
    </datafield>
    <datafield tag="880" ind1="1" ind2="4">
      <subfield code="6">600-07/(3/r‏</subfield>
      <subfield code="a">‏نورى، عبد الله.</subfield>
    </datafield>
    <datafield tag="880" ind1="1" ind2=" ">
      <subfield code="6">700-08/(3/r‏</subfield>
      <subfield code="a">‏گنجى، اكبر.</subfield>
    </datafield>
  </record>