
  <record>
    <leader>00956dam a22002655a 4500</leader>
    <controlfield tag="001">   00314247 </controlfield>
    <controlfield tag="003">DLC</controlfield>
    <controlfield tag="005">20090126095911.0</controlfield>
    <controlfield tag="008">000214s1997    ja            000 0 jpn  </controlfield>
    <datafield tag="010" ind1=" " ind2=" ">
      <subfield code="a">   00314247 </subfield>
    </datafield>
    <datafield tag="035" ind1=" " ind2=" ">
      <subfield code="a">(CStRLIN)DCLP00-B1931</subfield>
    </datafield>
    <datafield tag="040" ind1=" " ind2=" ">
      <subfield code="a">DLC-R</subfield>
      <subfield code="c">DLC-R</subfield>
      <subfield code="d">DLC</subfield>
    </datafield>
    <datafield tag="066" ind1=" " ind2=" ">
      <subfield code="c">$1</subfield>
    </datafield>
    <datafield tag="100" ind1="1" ind2=" ">
      <subfield code="6">880-01</subfield>
      <subfield code="a">Yoshida, Hajime,</subfield>
      <subfield code="d">1934-</subfield>
    </datafield>
    <datafield tag="245" ind1="1" ind2="0">
      <subfield code="6">880-02</subfield>
      <subfield code="a">Kubo Sakae "Kazanbaichi" o yomu /</subfield>
      <subfield code="c">Yoshida Hajime cho.</subfield>
    </datafield>
    <datafield tag="260" ind1=" " ind2=" ">
      <subfield code="6">880-03</subfield>
      <subfield code="a">Tōkyō :</subfield>
      <subfield code="b">Hōsei Daigaku Shuppankyoku,</subfield>
      <subfield code="c">1997.</subfield>
    </datafield>
    <datafield tag="300" ind1=" " ind2=" ">
      <subfield code="a">480 p. ;</subfield>
      <subfield code="c">19 cm.</subfield>
    </datafield>
    <datafield tag="600" ind1="1" ind2="0">
      <subfield code="6">880-04</subfield>
      <subfield code="a">Kubo, Sakae,</subfield>
      <subfield code="d">1901-1958.</subfield>
      <subfield code="t">Kazanbaichi.</subfield>
    </datafield>
    <datafield tag="650" ind1=" " ind2="0">
      <subfield code="a">Japanese drama</subfield>
      <subfield code="y">20th century.</subfield>
    </datafield>
    <datafield tag="650" ind1=" " ind2="0">
      <subfield code="a">Political plays, Japanese.</subfield>
    </datafield>
    <datafield tag="650" ind1=" " ind2="0">
      <subfield code="a">Theater</subfield>
      <subfield code="z">Japan</subfield>
      <subfield code="x">History.</subfield>
    </datafield>
    <datafield tag="880" ind1="1" ind2=" ">
      <subfield code="6">100-01/$1</subfield>
      <subfield code="a">吉田一,</subfield>
      <subfield code="d">1934-</subfield>
    </datafield>
    <datafield tag="880" ind1="1" ind2="0">
      <subfield code="6">245-02/$1</subfield>
      <subfield code="a">久保栄 「火山灰地」 を読む /</subfield>
      <subfield code="c">吉田一著.</subfield>
    </datafield>
    <datafield tag="880" ind1=" " ind2=" ">
      <subfield code="6">260-03/$1</subfield>
      <subfield code="a">東京 :</subfield>
      <subfield code="b">法政大学出版局,</subfield>
      <subfield code="c">1997.</subfield>
    </datafield>
    <datafield tag="880" ind1="1" ind2="4">
      <subfield code="6">600-04/$1</subfield>
      <subfield code="a">久保栄,</subfield>
      <subfield code="d">1901-1958.</subfield>
      <subfield code="t">火山灰地.</subfield>
    </datafield>
  </record>