
  <record>
    <leader>00987cam a22002531  4500</leader>
    <controlfield tag="001">   43037890 </controlfield>
    <controlfield tag="003">DLC</controlfield>
    <controlfield tag="005">20090126171234.0</controlfield>
    <controlfield tag="008">810731m19419999ru b     b    000 0 ruso </controlfield>
    <datafield tag="010" ind1=" " ind2=" ">
      <subfield code="a">   43037890 </subfield>
    </datafield>
    <datafield tag="035" ind1=" " ind2=" ">
      <subfield code="a">(OCoLC)28783996</subfield>
    </datafield>
    <datafield tag="040" ind1=" " ind2=" ">
      <subfield code="a">DLC</subfield>
      <subfield code="c">ICU</subfield>
      <subfield code="d">OCoLC</subfield>
      <subfield code="d">DLC</subfield>
    </datafield>
    <datafield tag="043" ind1=" " ind2=" ">
      <subfield code="a">e-ur-kz</subfield>
    </datafield>
    <datafield tag="050" ind1="0" ind2="0">
      <subfield code="a">DK861.K3</subfield>
      <subfield code="b">V5</subfield>
    </datafield>
    <datafield tag="100" ind1="1" ind2=" ">
      <subfield code="a">Vi︠a︡tkin, M. P.</subfield>
      <subfield code="q">(Mikhail Porfirʹevich),</subfield>
      <subfield code="d">1895-1967.</subfield>
    </datafield>
    <datafield tag="245" ind1="1" ind2="0">
      <subfield code="a">Ocherki po istorii Kazakhskoĭ SSR.</subfield>
    </datafield>
    <datafield tag="260" ind1=" " ind2=" ">
      <subfield code="a">[Moskva],</subfield>
      <subfield code="b">Ogiz, Gospolitizdat,</subfield>
      <subfield code="c">1941-</subfield>
    </datafield>
    <datafield tag="300" ind1=" " ind2=" ">
      <subfield code="a">v.</subfield>
      <subfield code="b">fold. map.</subfield>
      <subfield code="c">20 cm.</subfield>
    </datafield>
    <datafield tag="500" ind1=" " ind2=" ">
      <subfield code="a">At head of title: Akademii︠a︡ nauk SSSR.  Institut istorii i Kazakhstanskiĭ filial.  M. Vi︠a︡tkin.</subfield>
    </datafield>
    <datafield tag="504" ind1=" " ind2=" ">
      <subfield code="a">"Obzor literatury i istochnikov": v. 1, p. 5-[19]. "Bibliograficheskiĭ ukazatelʹ": v. 1, p. 356-364.</subfield>
    </datafield>
    <datafield tag="505" ind1="2" ind2=" ">
      <subfield code="a">t. 1. S drevneĭshikh vremen po 1870 g.</subfield>
    </datafield>
    <datafield tag="651" ind1=" " ind2="0">
      <subfield code="a">Kazakhstan</subfield>
      <subfield code="x">History.</subfield>
    </datafield>
    <datafield tag="710" ind1="2" ind2=" ">
      <subfield code="a">Institut istorii (Akademii︠a︡ nauk SSSR)</subfield>
    </datafield>
    <datafield tag="710" ind1="2" ind2=" ">
      <subfield code="a">Akademii︠a︡ nauk Kazakhskoĭ SSR, Alma Ata.</subfield>
    </datafield>
  </record>