
  <record>
    <leader>00955cam a22002411  4500</leader>
    <controlfield tag="001">   53029833 </controlfield>
    <controlfield tag="003">DLC</controlfield>
    <controlfield tag="005">20090126171326.0</controlfield>
    <controlfield tag="008">860911s1952    ru           f000 0 rus  </controlfield>
    <datafield tag="010" ind1=" " ind2=" ">
      <subfield code="a">   53029833 </subfield>
    </datafield>
    <datafield tag="035" ind1=" " ind2=" ">
      <subfield code="a">(OCoLC)14207259</subfield>
    </datafield>
    <datafield tag="040" ind1=" " ind2=" ">
      <subfield code="a">DLC</subfield>
      <subfield code="c">CU</subfield>
      <subfield code="d">CU</subfield>
      <subfield code="d">DLC</subfield>
    </datafield>
    <datafield tag="042" ind1=" " ind2=" ">
      <subfield code="a">premarc</subfield>
    </datafield>
    <datafield tag="043" ind1=" " ind2=" ">
      <subfield code="a">a-kn---</subfield>
    </datafield>
    <datafield tag="050" ind1="0" ind2="0">
      <subfield code="a">KPC13</subfield>
      <subfield code="b">1952</subfield>
    </datafield>
    <datafield tag="110" ind1="1" ind2=" ">
      <subfield code="a">Korea (North)</subfield>
    </datafield>
    <datafield tag="240" ind1="1" ind2="0">
      <subfield code="a">Laws, etc. (Konstitut︠s︡ii︠a︡ i osnovnye zakonodatelʹnye akty Koreĭskoĭ Narodno-Demokraticheskoĭ Respubliki)</subfield>
    </datafield>
    <datafield tag="245" ind1="1" ind2="0">
      <subfield code="a">Konstitut︠s︡ii︠a︡ i osnovnye zakonodatelʹnye akty Koreĭskoĭ Narodno-Demokraticheskoĭ Respubliki.</subfield>
      <subfield code="c">Perevod s koreĭskogo I︠U︡.N. Mazura i Khan Dyk Pona. Pod red. i s vstup. statʹeĭ G. Tavrova.</subfield>
    </datafield>
    <datafield tag="260" ind1=" " ind2=" ">
      <subfield code="a">Moskva,</subfield>
      <subfield code="b">Izd-vo inostrannoĭ lit-ry,</subfield>
      <subfield code="c">1952.</subfield>
    </datafield>
    <datafield tag="300" ind1=" " ind2=" ">
      <subfield code="a">396 p.</subfield>
      <subfield code="c">21 cm.</subfield>
    </datafield>
    <datafield tag="490" ind1="0" ind2=" ">
      <subfield code="a">Zakonodatelʹstvo stran narodnoĭ demokratii</subfield>
    </datafield>
    <datafield tag="700" ind1="1" ind2=" ">
      <subfield code="a">Mazur, I︠U︡. N.</subfield>
    </datafield>
    <datafield tag="710" ind1="1" ind2=" ">
      <subfield code="a">Korea (North)</subfield>
      <subfield code="t">Constitution.</subfield>
    </datafield>
  </record>