
  <record>
    <leader>01062cam a2200301 a 4500</leader>
    <controlfield tag="001">   77826928 </controlfield>
    <controlfield tag="003">DLC</controlfield>
    <controlfield tag="005">20090122103906.0</controlfield>
    <controlfield tag="008">070816s1976    ko            000 0ckor  </controlfield>
    <datafield tag="010" ind1=" " ind2=" ">
      <subfield code="a">   77826928 </subfield>
    </datafield>
    <datafield tag="035" ind1=" " ind2=" ">
      <subfield code="a">(CStRLIN)DCLP07-B11425</subfield>
    </datafield>
    <datafield tag="040" ind1=" " ind2=" ">
      <subfield code="a">DLC</subfield>
      <subfield code="c">*BZV*</subfield>
      <subfield code="d">MH-HY</subfield>
      <subfield code="d">OCoLC</subfield>
      <subfield code="d">CU</subfield>
      <subfield code="d">CStRLIN</subfield>
      <subfield code="d">DLC-R</subfield>
      <subfield code="d">DLC</subfield>
    </datafield>
    <datafield tag="043" ind1=" " ind2=" ">
      <subfield code="a">a-kr---</subfield>
    </datafield>
    <datafield tag="050" ind1="0" ind2="0">
      <subfield code="a">DS912.38</subfield>
      <subfield code="b">.K982 1976</subfield>
    </datafield>
    <datafield tag="066" ind1=" " ind2=" ">
      <subfield code="c">$1</subfield>
    </datafield>
    <datafield tag="130" ind1="0" ind2=" ">
      <subfield code="6">880-01</subfield>
      <subfield code="a">Koryŏsa.</subfield>
      <subfield code="p">Yŏlchŏn.</subfield>
      <subfield code="k">Selections.</subfield>
    </datafield>
    <datafield tag="245" ind1="1" ind2="0">
      <subfield code="6">880-02</subfield>
      <subfield code="a">Koryŏ inmul yŏlchŏn /</subfield>
      <subfield code="c">Yi Min-su pʻyŏnyŏk.</subfield>
    </datafield>
    <datafield tag="260" ind1=" " ind2=" ">
      <subfield code="6">880-03</subfield>
      <subfield code="a">Sŏul :</subfield>
      <subfield code="b">Sŏmundang,</subfield>
      <subfield code="c">1976.</subfield>
    </datafield>
    <datafield tag="300" ind1=" " ind2=" ">
      <subfield code="a">255 p. ;</subfield>
      <subfield code="c">19 cm.</subfield>
    </datafield>
    <datafield tag="490" ind1="0" ind2=" ">
      <subfield code="6">880-04</subfield>
      <subfield code="a">Sŏmun munʼgo ;</subfield>
      <subfield code="v">237</subfield>
    </datafield>
    <datafield tag="651" ind1=" " ind2="0">
      <subfield code="a">Korea</subfield>
      <subfield code="x">History</subfield>
      <subfield code="y">Koryŏ period, 935-1392</subfield>
      <subfield code="v">Biography.</subfield>
    </datafield>
    <datafield tag="651" ind1=" " ind2="0">
      <subfield code="a">Korea</subfield>
      <subfield code="v">Biography.</subfield>
    </datafield>
    <datafield tag="700" ind1="1" ind2=" ">
      <subfield code="6">880-05</subfield>
      <subfield code="a">Yi, Min-su,</subfield>
      <subfield code="d">1916-</subfield>
    </datafield>
    <datafield tag="880" ind1="0" ind2=" ">
      <subfield code="6">130-01/$1</subfield>
      <subfield code="a">高麗史.</subfield>
      <subfield code="p">列傅.</subfield>
      <subfield code="k">Selections.</subfield>
    </datafield>
    <datafield tag="880" ind1="1" ind2="0">
      <subfield code="6">245-02/$1</subfield>
      <subfield code="a">高麗 人物 列傅 /</subfield>
      <subfield code="c">李 民樹 編譯.</subfield>
    </datafield>
    <datafield tag="880" ind1=" " ind2=" ">
      <subfield code="6">260-03/$1</subfield>
      <subfield code="a">서울 :</subfield>
      <subfield code="b">瑞文堂,</subfield>
      <subfield code="c">1976.</subfield>
    </datafield>
    <datafield tag="880" ind1="0" ind2=" ">
      <subfield code="6">490-04/$1</subfield>
      <subfield code="a">瑞文 文庫 ;</subfield>
      <subfield code="v">237</subfield>
    </datafield>
    <datafield tag="880" ind1="1" ind2=" ">
      <subfield code="6">700-05/$1</subfield>
      <subfield code="a">李 民樹,</subfield>
      <subfield code="d">1916-</subfield>
    </datafield>
  </record>