
  <record>
    <leader>00813cam a2200217 i 4500</leader>
    <controlfield tag="001">   78908283 </controlfield>
    <controlfield tag="003">DLC</controlfield>
    <controlfield tag="005">20090121104206.0</controlfield>
    <controlfield tag="008">790619s1976    ii            000 0 sano </controlfield>
    <datafield tag="010" ind1=" " ind2=" ">
      <subfield code="a">   78908283 </subfield>
    </datafield>
    <datafield tag="040" ind1=" " ind2=" ">
      <subfield code="a">DLC</subfield>
      <subfield code="c">DLC</subfield>
      <subfield code="d">DLC</subfield>
    </datafield>
    <datafield tag="050" ind1="0" ind2="0">
      <subfield code="a">PK3799.P29</subfield>
      <subfield code="b">Y3</subfield>
    </datafield>
    <datafield tag="100" ind1="2" ind2=" ">
      <subfield code="a">Parikshit Sharma, Ogeti,</subfield>
      <subfield code="d">1930-</subfield>
    </datafield>
    <datafield tag="245" ind1="1" ind2="0">
      <subfield code="a">Yaśodharā-mahākāvyam /</subfield>
      <subfield code="c">Ogeṭi Parīkṣitśarmā.</subfield>
    </datafield>
    <datafield tag="260" ind1=" " ind2=" ">
      <subfield code="a">Puṇyapattanam :</subfield>
      <subfield code="b">Śāradā-Gaurava-Grantha-Mālā ;</subfield>
      <subfield code="a">Haidrābāda :</subfield>
      <subfield code="b">prāptisthalam O. Acyutarāmaśāstrī,</subfield>
      <subfield code="c">1976.</subfield>
    </datafield>
    <datafield tag="300" ind1=" " ind2=" ">
      <subfield code="a">24, 128, 2 p. ;</subfield>
      <subfield code="c">22 cm.</subfield>
    </datafield>
    <datafield tag="490" ind1="0" ind2=" ">
      <subfield code="a">Śāradā-gaurava-grantha-mālā ; 37</subfield>
    </datafield>
    <datafield tag="500" ind1=" " ind2=" ">
      <subfield code="a">In Sanskrit; introductory matter in English or Sanskrit.</subfield>
    </datafield>
    <datafield tag="500" ind1=" " ind2=" ">
      <subfield code="a">A poem.</subfield>
    </datafield>
    <datafield tag="600" ind1="0" ind2="0">
      <subfield code="a">Gautama Buddha</subfield>
      <subfield code="v">Poetry.</subfield>
    </datafield>
    <datafield tag="600" ind1="0" ind2="0">
      <subfield code="a">Yaśodharā</subfield>
      <subfield code="c">(Wife of Gautama Buddha)</subfield>
      <subfield code="v">Poetry.</subfield>
    </datafield>
  </record>