
  <record>
    <leader>00729cam a2200229 i 4500</leader>
    <controlfield tag="001">   79930185 </controlfield>
    <controlfield tag="003">DLC</controlfield>
    <controlfield tag="005">20090123080110.0</controlfield>
    <controlfield tag="008">791203r19781950pk            000 0 urdo </controlfield>
    <datafield tag="010" ind1=" " ind2=" ">
      <subfield code="a">   79930185 </subfield>
    </datafield>
    <datafield tag="020" ind1=" " ind2=" ">
      <subfield code="c">Rs10.00</subfield>
    </datafield>
    <datafield tag="040" ind1=" " ind2=" ">
      <subfield code="a">DLC</subfield>
      <subfield code="c">DLC</subfield>
      <subfield code="d">DLC</subfield>
    </datafield>
    <datafield tag="043" ind1=" " ind2=" ">
      <subfield code="a">a-pk---</subfield>
    </datafield>
    <datafield tag="050" ind1="0" ind2="0">
      <subfield code="a">HQ1745.5</subfield>
      <subfield code="b">.I83 1978</subfield>
    </datafield>
    <datafield tag="100" ind1="1" ind2=" ">
      <subfield code="a">Iṣlāḥī, Amīn Aḥsan,</subfield>
      <subfield code="d">1904-1997.</subfield>
    </datafield>
    <datafield tag="245" ind1="1" ind2="0">
      <subfield code="a">Pākistānī ʻaurat dorāhe par /</subfield>
      <subfield code="c">tālīf Amīn Aḥsan Iṣlāḥī.</subfield>
    </datafield>
    <datafield tag="260" ind1=" " ind2=" ">
      <subfield code="a">Lāhaur :</subfield>
      <subfield code="b">Maktabah-yi Markazī Anjuman-i K̲h̲uddāmulqurʼān,</subfield>
      <subfield code="c">1978.</subfield>
    </datafield>
    <datafield tag="300" ind1=" " ind2=" ">
      <subfield code="a">8, 174 p. ;</subfield>
      <subfield code="c">22 cm.</subfield>
    </datafield>
    <datafield tag="500" ind1=" " ind2=" ">
      <subfield code="a">In Urdu.</subfield>
    </datafield>
    <datafield tag="500" ind1=" " ind2=" ">
      <subfield code="a">First published in 1950.</subfield>
    </datafield>
    <datafield tag="650" ind1=" " ind2="0">
      <subfield code="a">Women</subfield>
      <subfield code="z">Pakistan.</subfield>
    </datafield>
    <datafield tag="650" ind1=" " ind2="0">
      <subfield code="a">Women</subfield>
      <subfield code="z">Pakistan</subfield>
      <subfield code="x">Social conditions.</subfield>
    </datafield>
  </record>