
  <record>
    <leader>01012cam a22002657a 4500</leader>
    <controlfield tag="001">   85910001 </controlfield>
    <controlfield tag="003">DLC</controlfield>
    <controlfield tag="005">20090121023106.0</controlfield>
    <controlfield tag="007">heuamb---baca</controlfield>
    <controlfield tag="007">heubmb---baaa</controlfield>
    <controlfield tag="008">860321r19851946dcu     bb   s001 0 sano </controlfield>
    <datafield tag="010" ind1=" " ind2=" ">
      <subfield code="a">   85910001 </subfield>
    </datafield>
    <datafield tag="025" ind1=" " ind2=" ">
      <subfield code="a">LC San A 616</subfield>
    </datafield>
    <datafield tag="040" ind1=" " ind2=" ">
      <subfield code="a">DLC</subfield>
      <subfield code="c">DLC</subfield>
      <subfield code="d">DLC</subfield>
    </datafield>
    <datafield tag="050" ind1="0" ind2="0">
      <subfield code="a">Microfiche 90/61328 (P)</subfield>
    </datafield>
    <datafield tag="100" ind1="0" ind2=" ">
      <subfield code="a">Nārāyaṇapaṇḍita,</subfield>
      <subfield code="d">17th cent.</subfield>
    </datafield>
    <datafield tag="245" ind1="1" ind2="0">
      <subfield code="a">Āśleṣāśataka of Nārāyaṇa Paṇḍita</subfield>
      <subfield code="h">[microform].</subfield>
    </datafield>
    <datafield tag="260" ind1=" " ind2=" ">
      <subfield code="a">Trivandrum :</subfield>
      <subfield code="b">University MSS. Library, University of Travancore,</subfield>
      <subfield code="c">1946.</subfield>
    </datafield>
    <datafield tag="300" ind1=" " ind2=" ">
      <subfield code="a">xii, 24 p. ;</subfield>
      <subfield code="c">24 cm.</subfield>
    </datafield>
    <datafield tag="500" ind1=" " ind2=" ">
      <subfield code="a">Poem.</subfield>
    </datafield>
    <datafield tag="500" ind1=" " ind2=" ">
      <subfield code="a">In Sanskrit; introd. in English.</subfield>
    </datafield>
    <datafield tag="500" ind1=" " ind2=" ">
      <subfield code="a">"Reprint from the Journal of the Travancore University Oriental Manuscripts Library, no. 7."</subfield>
    </datafield>
    <datafield tag="500" ind1=" " ind2=" ">
      <subfield code="a">Master microform held by: DLC.</subfield>
    </datafield>
    <datafield tag="504" ind1=" " ind2=" ">
      <subfield code="a">Includes bibliographical references and index.</subfield>
    </datafield>
    <datafield tag="533" ind1=" " ind2=" ">
      <subfield code="a">Microfiche.</subfield>
      <subfield code="b">Washington, D.C. :</subfield>
      <subfield code="c">Library of Congress Photoduplication Service,</subfield>
      <subfield code="d">1985.</subfield>
      <subfield code="e">1 microfiche ; 11 x 15 cm.</subfield>
    </datafield>
  </record>