
  <record>
    <leader>01258cam a2200301 a 4500</leader>
    <controlfield tag="001">   86207417 </controlfield>
    <controlfield tag="003">DLC</controlfield>
    <controlfield tag="005">20090123161900.0</controlfield>
    <controlfield tag="008">930810s1984    is a          000 0 heb  </controlfield>
    <datafield tag="010" ind1=" " ind2=" ">
      <subfield code="a">   86207417 </subfield>
    </datafield>
    <datafield tag="020" ind1=" " ind2=" ">
      <subfield code="a">9650101373</subfield>
    </datafield>
    <datafield tag="035" ind1=" " ind2=" ">
      <subfield code="a">(CStRLIN)DCLH93-B1897</subfield>
    </datafield>
    <datafield tag="040" ind1=" " ind2=" ">
      <subfield code="a">DLC-R</subfield>
      <subfield code="c">DLC-R</subfield>
    </datafield>
    <datafield tag="041" ind1="1" ind2=" ">
      <subfield code="a">heb</subfield>
      <subfield code="h">eng</subfield>
    </datafield>
    <datafield tag="050" ind1="0" ind2="0">
      <subfield code="a">G535</subfield>
      <subfield code="b">.F54 1984</subfield>
    </datafield>
    <datafield tag="066" ind1=" " ind2=" ">
      <subfield code="c">(2</subfield>
    </datafield>
    <datafield tag="100" ind1="1" ind2=" ">
      <subfield code="6">880-01</subfield>
      <subfield code="a">Finkel, Chaim Jacob.</subfield>
    </datafield>
    <datafield tag="240" ind1="1" ind2="0">
      <subfield code="a">Jewish pirates.</subfield>
      <subfield code="l">Hebrew</subfield>
    </datafield>
    <datafield tag="245" ind1="1" ind2="0">
      <subfield code="6">880-02</subfield>
      <subfield code="a">Shodede-yam Yehudiyim :</subfield>
      <subfield code="b">sipurim mafliʼim ha-mevusasim ʻal ʻuvdot hisṭoriyot /</subfield>
      <subfield code="c">Ḥayim Yaʻaḳov Finḳel ; me-Anglit, Ofirah Rahaṭ.</subfield>
    </datafield>
    <datafield tag="260" ind1=" " ind2=" ">
      <subfield code="6">880-03</subfield>
      <subfield code="a">Yerushalayim :</subfield>
      <subfield code="b">Devir,</subfield>
      <subfield code="c">c1984.</subfield>
    </datafield>
    <datafield tag="300" ind1=" " ind2=" ">
      <subfield code="a">283 p. :</subfield>
      <subfield code="b">ill. ;</subfield>
      <subfield code="c">22 cm.</subfield>
    </datafield>
    <datafield tag="500" ind1=" " ind2=" ">
      <subfield code="a">Title on t.p. verso: Jewish pirates.</subfield>
    </datafield>
    <datafield tag="650" ind1=" " ind2="0">
      <subfield code="a">Jewish pirates</subfield>
      <subfield code="v">Anecdotes.</subfield>
    </datafield>
    <datafield tag="650" ind1=" " ind2="0">
      <subfield code="a">Jewish criminals</subfield>
      <subfield code="v">Anecdotes.</subfield>
    </datafield>
    <datafield tag="740" ind1="0" ind2=" ">
      <subfield code="a">Jewish pirates.</subfield>
    </datafield>
    <datafield tag="880" ind1="1" ind2=" ">
      <subfield code="6">100-01/(2/r‏</subfield>
      <subfield code="a">‏פינקל, חיים יעקב.</subfield>
    </datafield>
    <datafield tag="880" ind1="1" ind2="0">
      <subfield code="6">245-02/(2/r‏</subfield>
      <subfield code="a">‏שודדי־ים יהודיים :‏</subfield>
      <subfield code="b">‏ספורים מפליאים המבוססים על עובדות היסטוריות /‏</subfield>
      <subfield code="c">‏חיים יעקב פינקל ; מאנגלית, אופירה רהט.</subfield>
    </datafield>
    <datafield tag="880" ind1=" " ind2=" ">
      <subfield code="6">260-03/(2/r‏</subfield>
      <subfield code="a">‏ירושלים :‏</subfield>
      <subfield code="b">‏דביר,‏</subfield>
      <subfield code="c">‏‪c1984‬.</subfield>
    </datafield>
  </record>