
  <record>
    <leader>01657cam a2200337 a 4500</leader>
    <controlfield tag="001">   87931798 </controlfield>
    <controlfield tag="003">DLC</controlfield>
    <controlfield tag="005">20090121115059.0</controlfield>
    <controlfield tag="008">060428m19869999ir ah    b    000 0 per d</controlfield>
    <datafield tag="010" ind1=" " ind2=" ">
      <subfield code="a">   87931798 </subfield>
    </datafield>
    <datafield tag="035" ind1=" " ind2=" ">
      <subfield code="a">(CStRLIN)DCLN06-B3656</subfield>
    </datafield>
    <datafield tag="040" ind1=" " ind2=" ">
      <subfield code="a">NjP</subfield>
      <subfield code="c">NjP</subfield>
      <subfield code="d">UkLSOA</subfield>
      <subfield code="d">DLC-R</subfield>
    </datafield>
    <datafield tag="042" ind1=" " ind2=" ">
      <subfield code="a">lccopycat</subfield>
    </datafield>
    <datafield tag="043" ind1=" " ind2=" ">
      <subfield code="a">a------</subfield>
      <subfield code="a">f------</subfield>
    </datafield>
    <datafield tag="050" ind1="0" ind2="0">
      <subfield code="a">BP44</subfield>
      <subfield code="b">.M88 1986</subfield>
    </datafield>
    <datafield tag="066" ind1=" " ind2=" ">
      <subfield code="c">(3</subfield>
      <subfield code="c">(4</subfield>
    </datafield>
    <datafield tag="100" ind1="1" ind2=" ">
      <subfield code="6">880-01</subfield>
      <subfield code="a">Muvaḥḥid Abṭaḥī, Ḥujjat.</subfield>
    </datafield>
    <datafield tag="245" ind1="1" ind2="0">
      <subfield code="6">880-02</subfield>
      <subfield code="a">Āshnāʼī bā ḥawzahʹhā-yi ʻilmīyah-ʼi Shīʻah dar ṭūl-i tārīkh /</subfield>
      <subfield code="c">bih qalam-i Ḥujjat Muvaḥḥid Abṭaḥī.</subfield>
    </datafield>
    <datafield tag="246" ind1="3" ind2=" ">
      <subfield code="6">880-03</subfield>
      <subfield code="a">Āshnāyī bā ḥawzahʹhā-yi ʻilmīyah-ʼi Shīʻah dar ṭūl-i tārīkh</subfield>
    </datafield>
    <datafield tag="246" ind1="3" ind2="0">
      <subfield code="6">880-04</subfield>
      <subfield code="a">Ḥawzahʹhā-yi ʻilmīyah-ʼi Shīʻah</subfield>
    </datafield>
    <datafield tag="260" ind1=" " ind2=" ">
      <subfield code="6">880-05</subfield>
      <subfield code="a">Iṣfahān :</subfield>
      <subfield code="b">Ḥawzah-i ʻIlmīyah,</subfield>
      <subfield code="c">1365-   [1986-      ]</subfield>
    </datafield>
    <datafield tag="300" ind1=" " ind2=" ">
      <subfield code="a">v. &lt;1&gt; :</subfield>
      <subfield code="b">ill. (some col.), facsims. ;</subfield>
      <subfield code="c">25 cm.</subfield>
    </datafield>
    <datafield tag="504" ind1=" " ind2=" ">
      <subfield code="a">Bibliography: v. 1, p.451-455.</subfield>
    </datafield>
    <datafield tag="650" ind1=" " ind2="0">
      <subfield code="a">Religious institutions</subfield>
      <subfield code="z">Islamic countries.</subfield>
    </datafield>
    <datafield tag="650" ind1=" " ind2="0">
      <subfield code="a">Shiites</subfield>
      <subfield code="x">Education</subfield>
      <subfield code="z">Islamic countries.</subfield>
    </datafield>
    <datafield tag="650" ind1=" " ind2="0">
      <subfield code="a">Islamic universities and colleges.</subfield>
    </datafield>
    <datafield tag="880" ind1="1" ind2=" ">
      <subfield code="6">100-01/(3/r‏</subfield>
      <subfield code="a">‏موحد ابطحى، خجة.</subfield>
    </datafield>
    <datafield tag="880" ind1="1" ind2="0">
      <subfield code="6">245-02/(3/r‏</subfield>
      <subfield code="a">‏اشنائى با حوزه‌هاى علميۀ شيعه در طول تاريخ /‏</subfield>
      <subfield code="c">‏بقلم حجة موحد ابطحى.</subfield>
    </datafield>
    <datafield tag="880" ind1="3" ind2=" ">
      <subfield code="6">246-03/(3/r‏</subfield>
      <subfield code="a">‏اشنايى با حوزه‌هاى علميۀ شيعه در طول تاريخ</subfield>
    </datafield>
    <datafield tag="880" ind1="3" ind2="0">
      <subfield code="6">246-04/(3/r‏</subfield>
      <subfield code="a">‏حوزه هاى علميۀ شيعه</subfield>
    </datafield>
    <datafield tag="880" ind1=" " ind2=" ">
      <subfield code="6">260-05/(3/r‏</subfield>
      <subfield code="a">‏اصفهان :‏</subfield>
      <subfield code="b">‏حوزۀ علميه،‏</subfield>
      <subfield code="c">‏‪1365- [1986-    ]‬.</subfield>
    </datafield>
  </record>