
  <record>
    <leader>00610cam a22001817a 4500</leader>
    <controlfield tag="001">   90142413 </controlfield>
    <controlfield tag="003">DLC</controlfield>
    <controlfield tag="005">20090126150928.0</controlfield>
    <controlfield tag="008">900409s1975    gs            000 0 geo  </controlfield>
    <datafield tag="010" ind1=" " ind2=" ">
      <subfield code="a">   90142413 </subfield>
    </datafield>
    <datafield tag="040" ind1=" " ind2=" ">
      <subfield code="a">DLC</subfield>
      <subfield code="c">DLC</subfield>
    </datafield>
    <datafield tag="050" ind1="0" ind2="0">
      <subfield code="a">MLCSN 96/3906 (H)</subfield>
    </datafield>
    <datafield tag="100" ind1="1" ind2=" ">
      <subfield code="a">Lomtʻatʻiże, Čola,</subfield>
      <subfield code="d">1879-1915.</subfield>
    </datafield>
    <datafield tag="245" ind1="1" ind2="0">
      <subfield code="a">Mrecvelobis mušakis cʻxovrebis cesi :</subfield>
      <subfield code="b">tʻeoriul-metʻoduri narkvevi /</subfield>
      <subfield code="c">Čola Lomtʻatʻiże.</subfield>
    </datafield>
    <datafield tag="246" ind1="1" ind2=" ">
      <subfield code="i">Title in colophon:</subfield>
      <subfield code="a">Obraz zhizni rabotnika promyshlennosti</subfield>
    </datafield>
    <datafield tag="260" ind1=" " ind2=" ">
      <subfield code="a">Tʻbilisi :</subfield>
      <subfield code="b">Mecʻniereba,</subfield>
      <subfield code="c">1975.</subfield>
    </datafield>
    <datafield tag="300" ind1=" " ind2=" ">
      <subfield code="a">65 p. ;</subfield>
      <subfield code="c">22 cm.</subfield>
    </datafield>
    <datafield tag="653" ind1=" " ind2=" ">
      <subfield code="a">Industrial workers;</subfield>
      <subfield code="a">life style</subfield>
    </datafield>
  </record>