
  <record>
    <leader>01106cam a2200325 a 4500</leader>
    <controlfield tag="001">   92117465 </controlfield>
    <controlfield tag="003">DLC</controlfield>
    <controlfield tag="005">20090126171556.0</controlfield>
    <controlfield tag="008">920805s1990    ko       l    000 0 kor  </controlfield>
    <datafield tag="010" ind1=" " ind2=" ">
      <subfield code="a">   92117465 </subfield>
    </datafield>
    <datafield tag="020" ind1=" " ind2=" ">
      <subfield code="c">W300000 (set)</subfield>
    </datafield>
    <datafield tag="035" ind1=" " ind2=" ">
      <subfield code="a">(CStRLIN)DCLP92-B14190</subfield>
    </datafield>
    <datafield tag="040" ind1=" " ind2=" ">
      <subfield code="a">DLC-R</subfield>
      <subfield code="c">DLC-R</subfield>
    </datafield>
    <datafield tag="043" ind1=" " ind2=" ">
      <subfield code="a">a-kn---</subfield>
    </datafield>
    <datafield tag="050" ind1="0" ind2="0">
      <subfield code="a">KPC13</subfield>
      <subfield code="b">.K67 1990</subfield>
    </datafield>
    <datafield tag="066" ind1=" " ind2=" ">
      <subfield code="c">$1</subfield>
    </datafield>
    <datafield tag="110" ind1="1" ind2=" ">
      <subfield code="a">Korea (North)</subfield>
    </datafield>
    <datafield tag="240" ind1="1" ind2="0">
      <subfield code="a">Laws, etc.</subfield>
    </datafield>
    <datafield tag="245" ind1="1" ind2="0">
      <subfield code="6">880-01</subfield>
      <subfield code="a">Pukhan pŏmnyŏngjip /</subfield>
      <subfield code="c">chʻaegim pʻyŏnjip Chŏng Kyŏng-mo, Chʻoe Tal-gon.</subfield>
    </datafield>
    <datafield tag="250" ind1=" " ind2=" ">
      <subfield code="6">880-02</subfield>
      <subfield code="a">Chaepʻan.</subfield>
    </datafield>
    <datafield tag="260" ind1=" " ind2=" ">
      <subfield code="6">880-03</subfield>
      <subfield code="a">Sŏul Tʻŭkpyŏlsi :</subfield>
      <subfield code="b">Taeryuk Yŏnʼguso,</subfield>
      <subfield code="c">1990.</subfield>
    </datafield>
    <datafield tag="300" ind1=" " ind2=" ">
      <subfield code="a">5 v. ;</subfield>
      <subfield code="c">27 cm.</subfield>
    </datafield>
    <datafield tag="650" ind1=" " ind2="0">
      <subfield code="a">Law</subfield>
      <subfield code="z">Korea (North)</subfield>
    </datafield>
    <datafield tag="700" ind1="1" ind2=" ">
      <subfield code="6">880-04</subfield>
      <subfield code="a">Chŏng, Kyŏng-mo,</subfield>
      <subfield code="d">1937-</subfield>
    </datafield>
    <datafield tag="700" ind1="1" ind2=" ">
      <subfield code="6">880-05</subfield>
      <subfield code="a">Chʻoe, Tal-gon.</subfield>
    </datafield>
    <datafield tag="880" ind1="1" ind2="0">
      <subfield code="6">245-01/$1</subfield>
      <subfield code="a">北韓　法令集　／</subfield>
      <subfield code="c">責任　編輯　鄭　慶謨，　崔　逹坤．</subfield>
    </datafield>
    <datafield tag="880" ind1=" " ind2=" ">
      <subfield code="6">250-02/$1</subfield>
      <subfield code="a">再版．</subfield>
    </datafield>
    <datafield tag="880" ind1=" " ind2=" ">
      <subfield code="6">260-03/$1</subfield>
      <subfield code="a">서울　持別市　：</subfield>
      <subfield code="b">大陸　研究所，</subfield>
      <subfield code="c">1990.</subfield>
    </datafield>
    <datafield tag="880" ind1="1" ind2=" ">
      <subfield code="6">700-04/$1</subfield>
      <subfield code="a">鄭　慶謨，</subfield>
      <subfield code="d">1937-</subfield>
    </datafield>
    <datafield tag="880" ind1="1" ind2=" ">
      <subfield code="6">700-05/$1</subfield>
      <subfield code="a">崔　逹坤．</subfield>
    </datafield>
  </record>