
  <record>
    <leader>03361cam a2200493 a 4500</leader>
    <controlfield tag="001">   92828023 </controlfield>
    <controlfield tag="003">DLC</controlfield>
    <controlfield tag="005">20090122150744.0</controlfield>
    <controlfield tag="008">921008m19929999is            000 0 heb  </controlfield>
    <datafield tag="010" ind1=" " ind2=" ">
      <subfield code="a">   92828023 </subfield>
    </datafield>
    <datafield tag="035" ind1=" " ind2=" ">
      <subfield code="a">(CStRLIN)DCLH92-B2385</subfield>
    </datafield>
    <datafield tag="040" ind1=" " ind2=" ">
      <subfield code="a">DLC-R</subfield>
      <subfield code="c">DLC-R</subfield>
      <subfield code="d">DLC-R</subfield>
      <subfield code="d">DLC</subfield>
    </datafield>
    <datafield tag="050" ind1="0" ind2="0">
      <subfield code="a">BM520.88.A53</subfield>
      <subfield code="b">I88 1992b</subfield>
    </datafield>
    <datafield tag="066" ind1=" " ind2=" ">
      <subfield code="c">(2</subfield>
    </datafield>
    <datafield tag="100" ind1="0" ind2=" ">
      <subfield code="6">880-01</subfield>
      <subfield code="a">Israel Meir,</subfield>
      <subfield code="c">ha-Kohen,</subfield>
      <subfield code="d">1838-1933.</subfield>
    </datafield>
    <datafield tag="240" ind1="1" ind2="0">
      <subfield code="6">880-02</subfield>
      <subfield code="a">Mishnah berurah</subfield>
    </datafield>
    <datafield tag="245" ind1="1" ind2="0">
      <subfield code="6">880-03</subfield>
      <subfield code="a">Sefer Mishnah berurah :</subfield>
      <subfield code="b">ṿe-hu perush yafeh u-menupeh ʻal Shulḥan ʻarukh Oraḥ ḥayim asher ḥiber Yosef Ḳaro ... ʻim ḥidushe dinim she-hishmiṭ ha-gaʼon ... ṿe-himtsiʼam ... Mosheh Iserlish /</subfield>
      <subfield code="c">kol eleh ḥibarti [z.o. asafti ṿe-ʻarakhti] Yiśraʼel Meʼir b.R. Aryeh Zeʼev ha-Kohen.</subfield>
    </datafield>
    <datafield tag="250" ind1=" " ind2=" ">
      <subfield code="6">880-04</subfield>
      <subfield code="a">Hotsaʼah ḥadashah, menuḳedet u-mefuseḳet uve-fiʻnuaḥ rashe-tevot uve-hagahah meduḳdeḳet.</subfield>
    </datafield>
    <datafield tag="260" ind1=" " ind2=" ">
      <subfield code="6">880-05</subfield>
      <subfield code="a">[Jerusalem? :</subfield>
      <subfield code="b">ḥ. mo. l. ],</subfield>
      <subfield code="c">752-&lt;[768]&gt; [1992-&lt;2007 or 2008&gt;]</subfield>
      <subfield code="e">(Yerushalayim :</subfield>
      <subfield code="f">Nidpas ʻa. y. Makhon le-hotsaʼat sefarim ʻA. L.B.)</subfield>
    </datafield>
    <datafield tag="300" ind1=" " ind2=" ">
      <subfield code="a">v. &lt;1-5&gt; ;</subfield>
      <subfield code="c">29 cm.</subfield>
    </datafield>
    <datafield tag="500" ind1=" " ind2=" ">
      <subfield code="a">Title on cover &lt;v. 2-3, 5&gt;: Sefer Mishnah berurah ha-menuḳad.</subfield>
    </datafield>
    <datafield tag="500" ind1=" " ind2=" ">
      <subfield code="a">Vol. 4- has ed. statement: Mahadura meyuḥedet ʻim hagahot ṿe-heʻarot "Ish matsliaḥ" la-Sefaradim ṿa-ʻadot ha-Mizraḥ.</subfield>
    </datafield>
    <datafield tag="500" ind1=" " ind2=" ">
      <subfield code="a">Vol. 4- published: Bene Beraḳ : "Mekhon ha-Rav Matsliaḥ" she-ʻa. y. Mosdot Yeshivat "Kise Raḥamim" Sefaradit.</subfield>
    </datafield>
    <datafield tag="500" ind1=" " ind2=" ">
      <subfield code="a">Includes text of Shulḥan ʻarukh, Oraḥ ḥayim.</subfield>
    </datafield>
    <datafield tag="500" ind1=" " ind2=" ">
      <subfield code="a">Includes Beʼer ha-Golah by Mosheh Ravḳash, Baʼer heṭev by Judah ben Simon Ashkenazi, Shaʻare teshuvah by Ḥayim Mordekhai Margaliyot.</subfield>
    </datafield>
    <datafield tag="600" ind1="1" ind2="0">
      <subfield code="a">Karo, Joseph ben Ephraim,</subfield>
      <subfield code="d">1488-1575.</subfield>
      <subfield code="t">Oraḥ ḥayim.</subfield>
    </datafield>
    <datafield tag="650" ind1=" " ind2="0">
      <subfield code="a">Jewish law.</subfield>
    </datafield>
    <datafield tag="650" ind1=" " ind2="0">
      <subfield code="a">Judaism</subfield>
      <subfield code="x">Customs and practices.</subfield>
    </datafield>
    <datafield tag="700" ind1="1" ind2=" ">
      <subfield code="6">880-06</subfield>
      <subfield code="a">Isserles, Moses ben Israel,</subfield>
      <subfield code="d">ca. 1525-1572.</subfield>
    </datafield>
    <datafield tag="700" ind1="1" ind2="2">
      <subfield code="6">880-07</subfield>
      <subfield code="a">Karo, Joseph ben Ephraim,</subfield>
      <subfield code="d">1488-1575.</subfield>
      <subfield code="t">Oraḥ ḥayim.</subfield>
    </datafield>
    <datafield tag="740" ind1="0" ind2="2">
      <subfield code="6">880-08</subfield>
      <subfield code="a">Mishnah berurah.</subfield>
    </datafield>
    <datafield tag="740" ind1="0" ind2="2">
      <subfield code="6">880-09</subfield>
      <subfield code="a">Sefer Mishnah berurah ha-menuḳad.</subfield>
    </datafield>
    <datafield tag="740" ind1="0" ind2="2">
      <subfield code="6">880-10</subfield>
      <subfield code="a">Ish matsliaḥ.</subfield>
    </datafield>
    <datafield tag="880" ind1="0" ind2=" ">
      <subfield code="6">100-01/(2/r‏</subfield>
      <subfield code="a">‏ישראל מאיר,‏</subfield>
      <subfield code="c">‏הכהן.</subfield>
    </datafield>
    <datafield tag="880" ind1="1" ind2="0">
      <subfield code="6">240-02/(2/r‏</subfield>
      <subfield code="a">‏משנה ברורה</subfield>
    </datafield>
    <datafield tag="880" ind1="1" ind2="0">
      <subfield code="6">245-03/(2/r‏</subfield>
      <subfield code="a">‏ספר משנה ברורה :‏</subfield>
      <subfield code="b">‏והוא פירוש יפה ומנפה על שלחן ערוך ארח חיים אשר חבר יוסף קארו ... עם חידושי דינים שהשמיט הגאון ... והמציאם משה איסרליש /‏</subfield>
      <subfield code="c">‏כל אלה חיברתי [ז״א אספתי וערכתי] ישראל מאיר בר׳ אריה זאב הכהן.</subfield>
    </datafield>
    <datafield tag="880" ind1=" " ind2=" ">
      <subfield code="6">250-04/(2/r‏</subfield>
      <subfield code="a">‏הוצאה חדשה, מנקדת ומפסקת ובפענוח ראשי־תבות ובהגהה מדקדקת.</subfield>
    </datafield>
    <datafield tag="880" ind1=" " ind2=" ">
      <subfield code="6">260-05/(2/r‏</subfield>
      <subfield code="a">‏[Jerusalem? :‏</subfield>
      <subfield code="b">‏חמו״ל,‏</subfield>
      <subfield code="c">‏‪752-&lt;[768]&gt; [1992-&lt;2007 or 2008&gt;]‏</subfield>
      <subfield code="e">‏(ירושלים :‏</subfield>
      <subfield code="f">‏נדפס ע״י מכון להוצאת ספרים ע.ל.ב.)‬</subfield>
    </datafield>
    <datafield tag="880" ind1="0" ind2="4">
      <subfield code="6">630-00/(2/r‏</subfield>
      <subfield code="a">‏שלחן ערוך.‏</subfield>
      <subfield code="p">‏ארח חיים.</subfield>
    </datafield>
    <datafield tag="880" ind1="1" ind2=" ">
      <subfield code="6">700-06/(2/r‏</subfield>
      <subfield code="a">‏איסרליש, משה.</subfield>
    </datafield>
    <datafield tag="880" ind1="1" ind2="2">
      <subfield code="6">700-07/(2/r‏</subfield>
      <subfield code="a">‏קארו, יוסף.‏</subfield>
      <subfield code="t">‏אורח חיים.</subfield>
    </datafield>
    <datafield tag="880" ind1="0" ind2="2">
      <subfield code="6">740-08/(2/r‏</subfield>
      <subfield code="a">‏משנה ברורה.</subfield>
    </datafield>
    <datafield tag="880" ind1="0" ind2="2">
      <subfield code="6">740-09/(2/r‏</subfield>
      <subfield code="a">‏ספר משנה ברורה המנקד.</subfield>
    </datafield>
    <datafield tag="880" ind1="0" ind2="2">
      <subfield code="6">740-10/(2/r</subfield>
      <subfield code="a">איש מצליח.</subfield>
    </datafield>
  </record>