
  <record>
    <leader>01149cam a2200301 a 4500</leader>
    <controlfield tag="001">   94120425 </controlfield>
    <controlfield tag="003">DLC</controlfield>
    <controlfield tag="005">20090123075708.0</controlfield>
    <controlfield tag="008">940328s1990    ko            000 0 kor d</controlfield>
    <datafield tag="010" ind1=" " ind2=" ">
      <subfield code="a">   94120425 </subfield>
    </datafield>
    <datafield tag="020" ind1=" " ind2=" ">
      <subfield code="c">W3800</subfield>
    </datafield>
    <datafield tag="035" ind1=" " ind2=" ">
      <subfield code="a">(CStRLIN)DCLP94-B5791</subfield>
    </datafield>
    <datafield tag="040" ind1=" " ind2=" ">
      <subfield code="a">CLASIA</subfield>
      <subfield code="c">CLASIA</subfield>
      <subfield code="d">DLC</subfield>
      <subfield code="d">CStRLIN</subfield>
      <subfield code="d">DLC-R</subfield>
    </datafield>
    <datafield tag="042" ind1=" " ind2=" ">
      <subfield code="a">lccopycat</subfield>
    </datafield>
    <datafield tag="043" ind1=" " ind2=" ">
      <subfield code="a">a-ko---</subfield>
    </datafield>
    <datafield tag="050" ind1="0" ind2="0">
      <subfield code="a">HQ1765.5</subfield>
      <subfield code="b">.K46 1990</subfield>
    </datafield>
    <datafield tag="066" ind1=" " ind2=" ">
      <subfield code="c">$1</subfield>
    </datafield>
    <datafield tag="100" ind1="1" ind2=" ">
      <subfield code="6">880-01</subfield>
      <subfield code="a">Kim, Hong-sin,</subfield>
      <subfield code="d">1947-</subfield>
    </datafield>
    <datafield tag="245" ind1="1" ind2="0">
      <subfield code="6">880-02</subfield>
      <subfield code="a">Ajikto kŭrŏk chŏrŏk sasimnikka :</subfield>
      <subfield code="b">kangnam yŏin kwa sin pʻalbulchʻul : Kim Hong-sin setʻae rŭpʻo.</subfield>
    </datafield>
    <datafield tag="250" ind1=" " ind2=" ">
      <subfield code="6">880-03</subfield>
      <subfield code="a">Chʻopʻan.</subfield>
    </datafield>
    <datafield tag="260" ind1=" " ind2=" ">
      <subfield code="6">880-04</subfield>
      <subfield code="a">Sŏul :</subfield>
      <subfield code="b">Yŏwŏn Chʻulpʻanʼguk,</subfield>
      <subfield code="c">1990</subfield>
      <subfield code="g">(1992 printing)</subfield>
    </datafield>
    <datafield tag="300" ind1=" " ind2=" ">
      <subfield code="a">289 p. ;</subfield>
      <subfield code="c">22 cm.</subfield>
    </datafield>
    <datafield tag="650" ind1=" " ind2="0">
      <subfield code="a">Women</subfield>
      <subfield code="z">Korea (South)</subfield>
      <subfield code="x">Social conditions.</subfield>
    </datafield>
    <datafield tag="651" ind1=" " ind2="0">
      <subfield code="a">Seoul (Korea)</subfield>
      <subfield code="x">Social conditions.</subfield>
    </datafield>
    <datafield tag="880" ind1="1" ind2=" ">
      <subfield code="6">100-01/$1</subfield>
      <subfield code="a">김　홍신,</subfield>
      <subfield code="d">1947-</subfield>
    </datafield>
    <datafield tag="880" ind1="1" ind2="0">
      <subfield code="6">245-02/$1</subfield>
      <subfield code="a">아직도　그럭　저럭　사십니까 :</subfield>
      <subfield code="b">강남　여인　과　신　팔불출 : 金　洪信　세태　르포.</subfield>
    </datafield>
    <datafield tag="880" ind1=" " ind2=" ">
      <subfield code="6">250-03/$1</subfield>
      <subfield code="a">초판.</subfield>
    </datafield>
    <datafield tag="880" ind1=" " ind2=" ">
      <subfield code="6">260-04/$1</subfield>
      <subfield code="a">서울 :</subfield>
      <subfield code="b">女苑　出版局,</subfield>
      <subfield code="c">1990</subfield>
      <subfield code="g">(1992 printing)</subfield>
    </datafield>
  </record>