
  <record>
    <leader>01484cam a2200349 a 4500</leader>
    <controlfield tag="001">   96933325 </controlfield>
    <controlfield tag="003">DLC</controlfield>
    <controlfield tag="005">20090121112252.0</controlfield>
    <controlfield tag="008">040115s1994    ir       b    001 0 per  </controlfield>
    <datafield tag="010" ind1=" " ind2=" ">
      <subfield code="a">   96933325 </subfield>
    </datafield>
    <datafield tag="035" ind1=" " ind2=" ">
      <subfield code="a">(CStRLIN)DCLN04-B274</subfield>
    </datafield>
    <datafield tag="040" ind1=" " ind2=" ">
      <subfield code="a">DLC-R</subfield>
      <subfield code="c">DLC-R</subfield>
    </datafield>
    <datafield tag="042" ind1=" " ind2=" ">
      <subfield code="a">lcode</subfield>
    </datafield>
    <datafield tag="043" ind1=" " ind2=" ">
      <subfield code="a">a-ir---</subfield>
    </datafield>
    <datafield tag="050" ind1="0" ind2="0">
      <subfield code="a">DS274</subfield>
      <subfield code="b">.R327 1994</subfield>
    </datafield>
    <datafield tag="066" ind1=" " ind2=" ">
      <subfield code="c">(3</subfield>
      <subfield code="c">(4</subfield>
    </datafield>
    <datafield tag="100" ind1="1" ind2=" ">
      <subfield code="6">880-01</subfield>
      <subfield code="a">Rajāyī, Farhang,</subfield>
      <subfield code="d">1952 or 3-</subfield>
    </datafield>
    <datafield tag="245" ind1="1" ind2="0">
      <subfield code="6">880-02</subfield>
      <subfield code="a">Maʻrakah-ʼi jahānʹbīnīʹhā :</subfield>
      <subfield code="b">dar khiradvarzī-i siyāsī va huvīyat-i mā Īrānīyān /</subfield>
      <subfield code="c">Farhang Rajāʼī.</subfield>
    </datafield>
    <datafield tag="250" ind1=" " ind2=" ">
      <subfield code="6">880-03</subfield>
      <subfield code="a">Chāp-i 1.</subfield>
    </datafield>
    <datafield tag="260" ind1=" " ind2=" ">
      <subfield code="6">880-04</subfield>
      <subfield code="a">Tihrān :</subfield>
      <subfield code="b">Iḥyā-yi Kitāb,</subfield>
      <subfield code="c">1373 [1994 or 1995]</subfield>
    </datafield>
    <datafield tag="300" ind1=" " ind2=" ">
      <subfield code="a">323 p. ;</subfield>
      <subfield code="c">22 cm.</subfield>
    </datafield>
    <datafield tag="440" ind1=" " ind2="0">
      <subfield code="6">880-05</subfield>
      <subfield code="a">Sipihr-i farhang va jāmiʻah ;</subfield>
      <subfield code="v">1</subfield>
    </datafield>
    <datafield tag="504" ind1=" " ind2=" ">
      <subfield code="a">Includes bibliographical references (p.287-320) and index.</subfield>
    </datafield>
    <datafield tag="650" ind1=" " ind2="0">
      <subfield code="a">Political science</subfield>
      <subfield code="z">Iran.</subfield>
    </datafield>
    <datafield tag="650" ind1=" " ind2="0">
      <subfield code="a">Iranians</subfield>
      <subfield code="x">Ethnic identity.</subfield>
    </datafield>
    <datafield tag="651" ind1=" " ind2="0">
      <subfield code="a">Iran</subfield>
      <subfield code="x">Politics and government.</subfield>
    </datafield>
    <datafield tag="651" ind1=" " ind2="0">
      <subfield code="a">Iran</subfield>
      <subfield code="x">Civilization.</subfield>
    </datafield>
    <datafield tag="880" ind1="1" ind2=" ">
      <subfield code="6">100-01/(4/r‏</subfield>
      <subfield code="a">‏رجايى، فرهنگ .</subfield>
    </datafield>
    <datafield tag="880" ind1="1" ind2="0">
      <subfield code="6">245-02/(3/r‏</subfield>
      <subfield code="a">‏معركۀ جهان‌بينىها :‏</subfield>
      <subfield code="b">‏در خردورزى سياسى و هويت ما ايرانيان /‏</subfield>
      <subfield code="c">‏فرهنگ رجائى.</subfield>
    </datafield>
    <datafield tag="880" ind1=" " ind2=" ">
      <subfield code="6">250-03/(4/r‏</subfield>
      <subfield code="a">‏چاپ 1.</subfield>
    </datafield>
    <datafield tag="880" ind1=" " ind2=" ">
      <subfield code="6">260-04/(3/r‏</subfield>
      <subfield code="a">‏تهران :‏</subfield>
      <subfield code="b">‏احياء كتاب،‏</subfield>
      <subfield code="c">‏‪1373 [1994 or 1995]‬.</subfield>
    </datafield>
    <datafield tag="880" ind1=" " ind2="0">
      <subfield code="6">440-05/(3/r‏</subfield>
      <subfield code="a">‏سپهر فرهنگ و جامعه ؛‏</subfield>
      <subfield code="v">‏1</subfield>
    </datafield>
  </record>