
  <record>
    <leader>01588cam a2200313 a 4500</leader>
    <controlfield tag="001">  2001417245</controlfield>
    <controlfield tag="003">DLC</controlfield>
    <controlfield tag="005">20090121030347.0</controlfield>
    <controlfield tag="008">011001m20009999ii            001 0 sano </controlfield>
    <datafield tag="010" ind1=" " ind2=" ">
      <subfield code="a">  2001417245</subfield>
    </datafield>
    <datafield tag="025" ind1=" " ind2=" ">
      <subfield code="a">I-San-2001-417245; 11</subfield>
    </datafield>
    <datafield tag="037" ind1=" " ind2=" ">
      <subfield code="b">Library of Congress -- New Delhi Overseas Office</subfield>
      <subfield code="c">Rs200.00 (v. 1)</subfield>
    </datafield>
    <datafield tag="040" ind1=" " ind2=" ">
      <subfield code="a">DLC</subfield>
      <subfield code="c">DLC</subfield>
      <subfield code="d">DLC</subfield>
    </datafield>
    <datafield tag="041" ind1="0" ind2=" ">
      <subfield code="a">sanengkan</subfield>
    </datafield>
    <datafield tag="042" ind1=" " ind2=" ">
      <subfield code="a">lcode</subfield>
    </datafield>
    <datafield tag="050" ind1="0" ind2="0">
      <subfield code="a">PK3798.N313</subfield>
      <subfield code="b">S87 2000</subfield>
    </datafield>
    <datafield tag="100" ind1="0" ind2=" ">
      <subfield code="a">Nārāyaṇa Paṇḍitācārya,</subfield>
      <subfield code="d">13th cent.</subfield>
    </datafield>
    <datafield tag="245" ind1="1" ind2="0">
      <subfield code="a">Sumadhvavijayaḥ /</subfield>
      <subfield code="c">Nārāyaṇapaṇḍitācāryaviracitaḥ ; Nārāyaṇapaṇḍitācāryaviracitabhāvaprakāśikā, Viśvapatitīrthaviracitapadārthadīpikodbodhikā, Chalārīśeṣācāryaviracitamandopakāriṇī iti vyākhyānatrayasametaḥ ; edited by A.B. Shyamachar and S.R. Pandurangi.</subfield>
    </datafield>
    <datafield tag="260" ind1=" " ind2=" ">
      <subfield code="a">Bangalore :</subfield>
      <subfield code="b">Dvaita Vedanta Studies and Research Foundation,</subfield>
      <subfield code="c">2000-</subfield>
    </datafield>
    <datafield tag="300" ind1=" " ind2=" ">
      <subfield code="a">v. &lt;1   &gt; ;</subfield>
      <subfield code="c">25 cm.</subfield>
    </datafield>
    <datafield tag="500" ind1=" " ind2=" ">
      <subfield code="a">Includes indexes.</subfield>
    </datafield>
    <datafield tag="520" ind1=" " ind2=" ">
      <subfield code="a">Verse work on Madhva, 13th cent. Vaishnava religious leader and exponent of dualistic philosophy; includes autocommentary and two classical commentaries.</subfield>
    </datafield>
    <datafield tag="546" ind1=" " ind2=" ">
      <subfield code="a">In Sanskrit; prefatory matter in English and Kannada.</subfield>
    </datafield>
    <datafield tag="600" ind1="0" ind2="0">
      <subfield code="a">Madhva,</subfield>
      <subfield code="d">13th cent.</subfield>
      <subfield code="v">Poetry.</subfield>
    </datafield>
    <datafield tag="700" ind1="0" ind2="2">
      <subfield code="a">Nārāyaṇa Paṇḍitācārya,</subfield>
      <subfield code="d">17th cent.</subfield>
      <subfield code="t">Bhāvaprakāśikā.</subfield>
      <subfield code="f">2000.</subfield>
    </datafield>
    <datafield tag="700" ind1="0" ind2="2">
      <subfield code="a">Viśvapatitīrtha,</subfield>
      <subfield code="d">16th cent.</subfield>
      <subfield code="t">Padārthadīpikodbodhikā.</subfield>
      <subfield code="f">2000.</subfield>
    </datafield>
    <datafield tag="700" ind1="0" ind2="2">
      <subfield code="a">Chalāriśeṣācārya.</subfield>
      <subfield code="t">Mandopakāriṇī.</subfield>
      <subfield code="f">2000.</subfield>
    </datafield>
    <datafield tag="700" ind1="1" ind2=" ">
      <subfield code="a">Shyamachar, A. B.</subfield>
    </datafield>
    <datafield tag="700" ind1="1" ind2=" ">
      <subfield code="a">Pandurangi, S. R.</subfield>
    </datafield>
  </record>