
  <record>
    <leader>01197cam a22003014a 4500</leader>
    <controlfield tag="001">  2003546302</controlfield>
    <controlfield tag="003">DLC</controlfield>
    <controlfield tag="005">20090123173626.0</controlfield>
    <controlfield tag="008">030922s2003    mu            000 0 ara  </controlfield>
    <datafield tag="010" ind1=" " ind2=" ">
      <subfield code="a">  2003546302</subfield>
    </datafield>
    <datafield tag="035" ind1=" " ind2=" ">
      <subfield code="a">(CStRLIN)DCLN03-B4961</subfield>
    </datafield>
    <datafield tag="040" ind1=" " ind2=" ">
      <subfield code="a">DLC-R</subfield>
      <subfield code="c">DLC-R</subfield>
      <subfield code="d">DLC</subfield>
    </datafield>
    <datafield tag="042" ind1=" " ind2=" ">
      <subfield code="a">lcode</subfield>
    </datafield>
    <datafield tag="050" ind1="0" ind2="0">
      <subfield code="a">U21.2</subfield>
      <subfield code="b">.W85 2003</subfield>
    </datafield>
    <datafield tag="066" ind1=" " ind2=" ">
      <subfield code="c">(3</subfield>
    </datafield>
    <datafield tag="100" ind1="1" ind2=" ">
      <subfield code="6">880-01</subfield>
      <subfield code="a">Wuld Mawlāy al-Zayn, Sayyid Muḥammad wuld Sayyid.</subfield>
    </datafield>
    <datafield tag="245" ind1="1" ind2="3">
      <subfield code="6">880-02</subfield>
      <subfield code="a">al-Ḥarb fī al-alfīyah al-thālithah /</subfield>
      <subfield code="c">bi-qalam Sayyid Muḥammad wuld Sayyid wuld Mawlāy al-Zayn.</subfield>
    </datafield>
    <datafield tag="260" ind1=" " ind2=" ">
      <subfield code="6">880-03</subfield>
      <subfield code="a">Nuwākshūṭ :</subfield>
      <subfield code="b">[s.n.],</subfield>
      <subfield code="c">2003.</subfield>
    </datafield>
    <datafield tag="300" ind1=" " ind2=" ">
      <subfield code="a">128 p. ;</subfield>
      <subfield code="c">20 cm.</subfield>
    </datafield>
    <datafield tag="650" ind1=" " ind2="0">
      <subfield code="a">War</subfield>
      <subfield code="x">History</subfield>
      <subfield code="y">21st century.</subfield>
    </datafield>
    <datafield tag="650" ind1=" " ind2="0">
      <subfield code="a">Military art and science</subfield>
      <subfield code="x">History</subfield>
      <subfield code="y">21st century.</subfield>
    </datafield>
    <datafield tag="650" ind1=" " ind2="0">
      <subfield code="a">War</subfield>
      <subfield code="x">Forecasting.</subfield>
    </datafield>
    <datafield tag="650" ind1=" " ind2="0">
      <subfield code="a">Military art and science</subfield>
      <subfield code="x">Forecasting.</subfield>
    </datafield>
    <datafield tag="650" ind1=" " ind2="0">
      <subfield code="a">Warfare, Conventional.</subfield>
    </datafield>
    <datafield tag="650" ind1=" " ind2="0">
      <subfield code="a">Military weapons.</subfield>
    </datafield>
    <datafield tag="880" ind1="1" ind2=" ">
      <subfield code="6">100-01/(3/r</subfield>
      <subfield code="a">ولد مولاي الزين، سيد محمد ولد سيد.</subfield>
    </datafield>
    <datafield tag="880" ind1="1" ind2="2">
      <subfield code="6">245-02/(3/r</subfield>
      <subfield code="a">الحرب في الألفية الثالثة /</subfield>
      <subfield code="c">بقلم سيد محمد ولد سيد ولد مولاي الزين.</subfield>
    </datafield>
    <datafield tag="880" ind1=" " ind2=" ">
      <subfield code="6">260-03/(3/r</subfield>
      <subfield code="a">نواكشوط :</subfield>
      <subfield code="b">[s.n.]،</subfield>
      <subfield code="c">2003.</subfield>
    </datafield>
  </record>