
  <record>
    <leader>00875cam a22002534a 4500</leader>
    <controlfield tag="001">  2004310986</controlfield>
    <controlfield tag="003">DLC</controlfield>
    <controlfield tag="005">20090123105515.0</controlfield>
    <controlfield tag="008">040812s2004    cc a          000 0 tibo </controlfield>
    <datafield tag="010" ind1=" " ind2=" ">
      <subfield code="a">  2004310986</subfield>
    </datafield>
    <datafield tag="025" ind1=" " ind2=" ">
      <subfield code="a">Ch-Tib-2004-310986; 16</subfield>
    </datafield>
    <datafield tag="037" ind1=" " ind2=" ">
      <subfield code="b">Library of Congress -- New Delhi Overseas Office</subfield>
      <subfield code="c">Rs154.00</subfield>
    </datafield>
    <datafield tag="040" ind1=" " ind2=" ">
      <subfield code="a">DLC</subfield>
      <subfield code="c">DLC</subfield>
      <subfield code="d">DLC</subfield>
    </datafield>
    <datafield tag="042" ind1=" " ind2=" ">
      <subfield code="a">lcode</subfield>
    </datafield>
    <datafield tag="043" ind1=" " ind2=" ">
      <subfield code="a">a-cc-ti</subfield>
    </datafield>
    <datafield tag="050" ind1="0" ind2="0">
      <subfield code="a">DS797.82.B663</subfield>
      <subfield code="b">B75 2004</subfield>
    </datafield>
    <datafield tag="100" ind1="0" ind2=" ">
      <subfield code="a">Bstan-ʼdzin-mkhas-grub,</subfield>
      <subfield code="d">1967-</subfield>
    </datafield>
    <datafield tag="245" ind1="1" ind2="0">
      <subfield code="a">Bon-brgyaʼi lo rgyus lugs gñis gsal baʼi me loṅ źes bya ba bźugs so /</subfield>
      <subfield code="c">Bstan-ʼdzin-mkhas-grub kyis brtsams.</subfield>
    </datafield>
    <datafield tag="260" ind1=" " ind2=" ">
      <subfield code="a">[Lha-sa :</subfield>
      <subfield code="b">s.n.,</subfield>
      <subfield code="c">2004]</subfield>
    </datafield>
    <datafield tag="300" ind1=" " ind2=" ">
      <subfield code="a">149 p. :</subfield>
      <subfield code="b">ill. ;</subfield>
      <subfield code="c">21 cm.</subfield>
    </datafield>
    <datafield tag="520" ind1=" " ind2=" ">
      <subfield code="a">Historical account of Bon-brgya in Tibet during 7th-9th cent.</subfield>
    </datafield>
    <datafield tag="546" ind1=" " ind2=" ">
      <subfield code="a">In Tibetan.</subfield>
    </datafield>
    <datafield tag="651" ind1=" " ind2="0">
      <subfield code="a">Bon-brgya (China)</subfield>
      <subfield code="x">History.</subfield>
    </datafield>
    <datafield tag="651" ind1=" " ind2="0">
      <subfield code="a">Bon-brgya (China)</subfield>
      <subfield code="x">Kings and rulers.</subfield>
    </datafield>
  </record>