
  <record>
    <leader>01127nam a2200277 a 4500</leader>
    <controlfield tag="001">  2005461726</controlfield>
    <controlfield tag="003">DLC</controlfield>
    <controlfield tag="005">20090126155550.0</controlfield>
    <controlfield tag="008">070712s2006    ua            000 0 ara d</controlfield>
    <datafield tag="010" ind1=" " ind2=" ">
      <subfield code="a">  2005461726</subfield>
    </datafield>
    <datafield tag="035" ind1=" " ind2=" ">
      <subfield code="a">(CStRLIN)DCLN07-B4171</subfield>
    </datafield>
    <datafield tag="040" ind1=" " ind2=" ">
      <subfield code="a">EMU</subfield>
      <subfield code="c">EMU</subfield>
      <subfield code="d">CUY</subfield>
      <subfield code="d">DLC-R</subfield>
    </datafield>
    <datafield tag="042" ind1=" " ind2=" ">
      <subfield code="a">lccopycat</subfield>
      <subfield code="a">lcode</subfield>
    </datafield>
    <datafield tag="050" ind1="0" ind2="0">
      <subfield code="a">BP161.3</subfield>
      <subfield code="b">.A27 2006</subfield>
    </datafield>
    <datafield tag="066" ind1=" " ind2=" ">
      <subfield code="c">(3</subfield>
    </datafield>
    <datafield tag="100" ind1="1" ind2=" ">
      <subfield code="6">880-01</subfield>
      <subfield code="a">Abū al-Khayr, ʻAlī ʻAbd al-Ḥamīd.</subfield>
    </datafield>
    <datafield tag="245" ind1="1" ind2="0">
      <subfield code="6">880-02</subfield>
      <subfield code="a">Thuqūb fī ʻaql al-ummah :</subfield>
      <subfield code="b">min jald al-dhāt ilá ṣidq al-sharḥ.</subfield>
    </datafield>
    <datafield tag="250" ind1=" " ind2=" ">
      <subfield code="6">880-03</subfield>
      <subfield code="a">al-Ṭabʻah 1.</subfield>
    </datafield>
    <datafield tag="260" ind1=" " ind2=" ">
      <subfield code="6">880-04</subfield>
      <subfield code="a">al-Maʻādī, al-Qāhirah :</subfield>
      <subfield code="b">Markaz Yāfā lil-Dirāsāt wa-al-Abḥāth,</subfield>
      <subfield code="c">2006.</subfield>
    </datafield>
    <datafield tag="300" ind1=" " ind2=" ">
      <subfield code="a">85 p. ;</subfield>
      <subfield code="c">24 cm.</subfield>
    </datafield>
    <datafield tag="650" ind1=" " ind2="0">
      <subfield code="a">Islam</subfield>
      <subfield code="y">20th century.</subfield>
    </datafield>
    <datafield tag="650" ind1=" " ind2="0">
      <subfield code="a">Islam</subfield>
      <subfield code="y">21st century.</subfield>
    </datafield>
    <datafield tag="880" ind1="1" ind2=" ">
      <subfield code="6">100-01/(3/r</subfield>
      <subfield code="a">أبو الخير، علي عبد الحميد.</subfield>
    </datafield>
    <datafield tag="880" ind1="1" ind2="0">
      <subfield code="6">245-02/(3/r</subfield>
      <subfield code="a">ثقوب في عقل الأمة :</subfield>
      <subfield code="b">من جلد الذات إلى صدق الشرح.</subfield>
    </datafield>
    <datafield tag="880" ind1=" " ind2=" ">
      <subfield code="6">250-03/(3/r</subfield>
      <subfield code="a">الطبعة 1.</subfield>
    </datafield>
    <datafield tag="880" ind1=" " ind2=" ">
      <subfield code="6">260-04/(3/r</subfield>
      <subfield code="a">المعادي، القاهرة :</subfield>
      <subfield code="b">مركز يافا للدراسات والأبحاث،</subfield>
      <subfield code="c">2006.</subfield>
    </datafield>
  </record>