
  <record>
    <leader>03730cam a22006257a 4500</leader>
    <controlfield tag="001">  2005553155</controlfield>
    <controlfield tag="003">DLC</controlfield>
    <controlfield tag="005">20090121104139.0</controlfield>
    <controlfield tag="008">051007m19659999is     | l    000 0 heb  </controlfield>
    <datafield tag="010" ind1=" " ind2=" ">
      <subfield code="a">  2005553155</subfield>
    </datafield>
    <datafield tag="035" ind1=" " ind2=" ">
      <subfield code="a">(CStRLIN)DCLH05-B11400</subfield>
    </datafield>
    <datafield tag="040" ind1=" " ind2=" ">
      <subfield code="a">DLC-R</subfield>
      <subfield code="c">DLC-R</subfield>
    </datafield>
    <datafield tag="043" ind1=" " ind2=" ">
      <subfield code="a">a-is---</subfield>
    </datafield>
    <datafield tag="050" ind1="0" ind2="0">
      <subfield code="a">HG8695.2</subfield>
      <subfield code="b">.B57 1962</subfield>
    </datafield>
    <datafield tag="066" ind1=" " ind2=" ">
      <subfield code="c">(2</subfield>
    </datafield>
    <datafield tag="245" ind1="0" ind2="0">
      <subfield code="6">880-01</subfield>
      <subfield code="a">[Bituaḥ u-viṭaḥon sotsyali].</subfield>
    </datafield>
    <datafield tag="260" ind1=" " ind2=" ">
      <subfield code="a">[Israel ,</subfield>
      <subfield code="c">1962-&lt;2001&gt;]</subfield>
    </datafield>
    <datafield tag="300" ind1=" " ind2=" ">
      <subfield code="a">items 1-&lt;13&gt; of &lt;13&gt; ;</subfield>
      <subfield code="c">22-25 cm.</subfield>
    </datafield>
    <datafield tag="505" ind1="1" ind2=" ">
      <subfield code="a">[1] Megamot be-mesheḳ ha-biṭuaḥ ṿeha-piḳuaḥ ʻal ʻisḳe biṭuaḥ bi-shenat 1965. 1966. 52 leaves ; 25 cm. -- [2] Biṭuaḥ ziḳnah : meʻudkan le-Yuli 2001. 24 p. ; 22 cm. -- [3] Biṭuaḥ sheʼirim : meʻudkan le-Yuli 2001. 2001. 24 p. ; 22 cm.  -- [4] Gimlah le-yeled nekheh : meʻudkan le-Yuni 2001. 2001. 16 p. 22 cm. -- [5] Biṭuaḥ imahut : meʻudkan le-Yuli 2002. 24 p. ; 22 cm. -- [6] Biṭuaḥ siʻud :  meʻudkan le-Februʼar 2001. 2001. 12 p. ; 22 cm. -- [7] Medaʻ le-ʻoved ʻatsmaʼi :  meʻudkan le-Februʼar 2000. 2000. 18 p. ; 22 cm. -- [8] Biṭuaḥ nifgeʻe teʻunot. 1999. 1 folded leaflet ; 22 cm. -- [9] ha-Ḳeren le-nifgeʻe ṭeror -- [10] Teluyim be-nifgeʻe ʻavodah :  meʻudkan le-Februʼar 2001. 2001. 24 p. ; 22 cm. -- [11] Sherut miluʼim :  meʻudkan le-Yuli 2002. 2002. 16 p. ; 22 cm. -- [12] Ḳitsbah le-sherutim meyuhadim le-nekhim ḳashim :  meʻudkan le-Detsember 2002. 2002. 16 p. ; 22 cm. -- [13] Mumḥim benleʼumiyim ʻal medukat ha-biṭaḥon ha-sotsyali / Yitsḥaḳ Ḳanev. 1962. 10  p. ; 24 cm.</subfield>
    </datafield>
    <datafield tag="650" ind1=" " ind2="0">
      <subfield code="a">Insurance</subfield>
      <subfield code="z">Israel.</subfield>
    </datafield>
    <datafield tag="650" ind1=" " ind2="0">
      <subfield code="a">Social security</subfield>
      <subfield code="z">Israel.</subfield>
    </datafield>
    <datafield tag="650" ind1=" " ind2="0">
      <subfield code="a">Family allowances</subfield>
      <subfield code="z">Israel.</subfield>
    </datafield>
    <datafield tag="650" ind1=" " ind2="0">
      <subfield code="a">Maternity insurance</subfield>
      <subfield code="z">Israel.</subfield>
    </datafield>
    <datafield tag="650" ind1=" " ind2="0">
      <subfield code="a">Accident insurance</subfield>
      <subfield code="z">Israel.</subfield>
    </datafield>
    <datafield tag="650" ind1=" " ind2="0">
      <subfield code="a">Old age</subfield>
      <subfield code="x">Economic aspects.</subfield>
    </datafield>
    <datafield tag="650" ind1=" " ind2="0">
      <subfield code="a">Social security</subfield>
      <subfield code="x">Law and legislation</subfield>
      <subfield code="z">Israel.</subfield>
    </datafield>
    <datafield tag="651" ind1=" " ind2="0">
      <subfield code="a">Israel</subfield>
      <subfield code="x">Social policy.</subfield>
    </datafield>
    <datafield tag="651" ind1=" " ind2="0">
      <subfield code="a">Israel</subfield>
      <subfield code="x">Armed Forces</subfield>
      <subfield code="x">Reserves</subfield>
      <subfield code="x">Pay, allowances, etc.</subfield>
      <subfield code="x">Law and legislation</subfield>
    </datafield>
    <datafield tag="740" ind1="0" ind2="2">
      <subfield code="6">880-02</subfield>
      <subfield code="a">Megamot be-mesheḳ ha-biṭuaḥ ṿeha-piḳuaḥ ʻal ʻisḳe biṭuaḥ bi-shenat 1965.</subfield>
    </datafield>
    <datafield tag="740" ind1="0" ind2="2">
      <subfield code="6">880-03</subfield>
      <subfield code="a">Biṭuaḥ ziḳnah.</subfield>
    </datafield>
    <datafield tag="740" ind1="0" ind2="2">
      <subfield code="6">880-04</subfield>
      <subfield code="a">Biṭuaḥ sheʼirim.</subfield>
    </datafield>
    <datafield tag="740" ind1="0" ind2="2">
      <subfield code="6">880-05</subfield>
      <subfield code="a">Gimlah le-yeled nekheh.</subfield>
    </datafield>
    <datafield tag="740" ind1="0" ind2="2">
      <subfield code="6">880-06</subfield>
      <subfield code="a">Biṭuaḥ imahut.</subfield>
    </datafield>
    <datafield tag="740" ind1="0" ind2="2">
      <subfield code="6">880-07</subfield>
      <subfield code="a">Biṭuaḥ siʻud.</subfield>
    </datafield>
    <datafield tag="740" ind1="0" ind2="2">
      <subfield code="6">880-08</subfield>
      <subfield code="a">Medaʻ le-ʻoved ʻatsmaʼi.</subfield>
    </datafield>
    <datafield tag="740" ind1="0" ind2="2">
      <subfield code="6">880-09</subfield>
      <subfield code="a">Biṭuaḥ nifgeʻe teʻunot.</subfield>
    </datafield>
    <datafield tag="740" ind1="0" ind2="2">
      <subfield code="6">880-10</subfield>
      <subfield code="a">Ḳeren le-nifgeʻe ṭeror.</subfield>
    </datafield>
    <datafield tag="740" ind1="0" ind2="2">
      <subfield code="6">880-11</subfield>
      <subfield code="a">Teluyim be-nifgeʻe ʻavodah.</subfield>
    </datafield>
    <datafield tag="740" ind1="0" ind2="2">
      <subfield code="6">880-12</subfield>
      <subfield code="a">Sherut miluʼim.</subfield>
    </datafield>
    <datafield tag="740" ind1="0" ind2="2">
      <subfield code="6">880-13</subfield>
      <subfield code="a">Ḳitsbah le-sherutim meyuḥadim le-nekhim ḳashim.</subfield>
    </datafield>
    <datafield tag="740" ind1="0" ind2="2">
      <subfield code="6">880-14</subfield>
      <subfield code="a">Mumḥim benleʼumiyim ʻal medukat ha-biṭaḥon ha-sotsyali.</subfield>
    </datafield>
    <datafield tag="880" ind1="0" ind2="0">
      <subfield code="6">245-01/(2/r</subfield>
      <subfield code="a">[ביטוח וביטחון סוציאלי].</subfield>
    </datafield>
    <datafield tag="880" ind1="0" ind2="2">
      <subfield code="6">740-02/(2/r</subfield>
      <subfield code="a">מגמות במשק הביטוח והפיקוח על עסקי ביטוח בשנת 1965.</subfield>
    </datafield>
    <datafield tag="880" ind1="0" ind2="2">
      <subfield code="6">740-03/(2/r</subfield>
      <subfield code="a">ביטוח זקנה.</subfield>
    </datafield>
    <datafield tag="880" ind1="0" ind2="2">
      <subfield code="6">740-04/(2/r</subfield>
      <subfield code="a">ביטוח שאירים.</subfield>
    </datafield>
    <datafield tag="880" ind1="0" ind2="2">
      <subfield code="6">740-05/(2/r</subfield>
      <subfield code="a">גמלה לילד נכה.</subfield>
    </datafield>
    <datafield tag="880" ind1="0" ind2="2">
      <subfield code="6">740-06/(2/r</subfield>
      <subfield code="a">ביטוח אמהות.</subfield>
    </datafield>
    <datafield tag="880" ind1="0" ind2="2">
      <subfield code="6">740-07/(2/r</subfield>
      <subfield code="a">ביטוח סיעוד.</subfield>
    </datafield>
    <datafield tag="880" ind1="0" ind2="2">
      <subfield code="6">740-08/(2/r</subfield>
      <subfield code="a">מדע לעובד עצמאי.</subfield>
    </datafield>
    <datafield tag="880" ind1="0" ind2="2">
      <subfield code="6">740-09/(2/r</subfield>
      <subfield code="a">ביטוח נפגעי תעונות.</subfield>
    </datafield>
    <datafield tag="880" ind1="0" ind2="2">
      <subfield code="6">740-10/(2/r</subfield>
      <subfield code="a">קרן לנפגעי טרור.</subfield>
    </datafield>
    <datafield tag="880" ind1="0" ind2="2">
      <subfield code="6">740-11/(2/r</subfield>
      <subfield code="a">תלויים בניפגעי תעונה.</subfield>
    </datafield>
    <datafield tag="880" ind1="0" ind2="2">
      <subfield code="6">740-12/(2/r</subfield>
      <subfield code="a">שירות מילואים.</subfield>
    </datafield>
    <datafield tag="880" ind1="0" ind2="2">
      <subfield code="6">740-13/(2/r</subfield>
      <subfield code="a">קצבה לשירותים מיוחדים לנכים קשים.</subfield>
    </datafield>
    <datafield tag="880" ind1="0" ind2="2">
      <subfield code="6">740-14/(2/r</subfield>
      <subfield code="a">מומחים בינלאומיים על מדוכת הביטחון הסוציאלי.</subfield>
    </datafield>
  </record>