
  <record>
    <leader>01099cam a22002534a 4500</leader>
    <controlfield tag="001">  2008305903</controlfield>
    <controlfield tag="003">DLC</controlfield>
    <controlfield tag="005">20090122162012.0</controlfield>
    <controlfield tag="008">080602s2008    ii a          000 0 tibo </controlfield>
    <datafield tag="010" ind1=" " ind2=" ">
      <subfield code="a">  2008305903</subfield>
    </datafield>
    <datafield tag="025" ind1=" " ind2=" ">
      <subfield code="a">I-Tib-2008-305903; 01; 05-01</subfield>
    </datafield>
    <datafield tag="037" ind1=" " ind2=" ">
      <subfield code="b">Library of Congress -- New Delhi Overseas Office</subfield>
      <subfield code="c">Rs400.00</subfield>
    </datafield>
    <datafield tag="040" ind1=" " ind2=" ">
      <subfield code="a">DLC</subfield>
      <subfield code="c">DLC</subfield>
    </datafield>
    <datafield tag="042" ind1=" " ind2=" ">
      <subfield code="a">lcode</subfield>
    </datafield>
    <datafield tag="050" ind1="0" ind2="0">
      <subfield code="a">BQ7684.4</subfield>
      <subfield code="b">.D564 2008</subfield>
    </datafield>
    <datafield tag="100" ind1="0" ind2=" ">
      <subfield code="a">Dkon-mchog-rgya-mtsho,</subfield>
      <subfield code="c">Ra-se,</subfield>
      <subfield code="d">1968-</subfield>
    </datafield>
    <datafield tag="245" ind1="1" ind2="0">
      <subfield code="a">Dris lan don gcig ma :</subfield>
      <subfield code="b">dam paʼi chos dgoṅs pa gcig paʼi dri ba legs bśad bsu baʼi pho ñaʼi dris lan Dgoṅs-gcig smra baʼi mdzes rgyan źes bya ba bźugs so /</subfield>
      <subfield code="c">Dwags-po Spyan-sṅa-ba Dkon-mchog-rgya-mtshos brtsams.</subfield>
    </datafield>
    <datafield tag="250" ind1=" " ind2=" ">
      <subfield code="a">Par theṅ 2.</subfield>
    </datafield>
    <datafield tag="260" ind1=" " ind2=" ">
      <subfield code="a">[ʼPhags-yul Dhe-ra-dhun :</subfield>
      <subfield code="b">Sroṅ-btsan dpe mdzod khaṅ nas grems spel byas,</subfield>
      <subfield code="c">2008]</subfield>
    </datafield>
    <datafield tag="300" ind1=" " ind2=" ">
      <subfield code="a">208 p. :</subfield>
      <subfield code="b">1 col. ill. ;</subfield>
      <subfield code="c">24 cm.</subfield>
    </datafield>
    <datafield tag="520" ind1=" " ind2=" ">
      <subfield code="a">On the Dgoṅs-gcig teaching of Drikung Kagyudpa sect in questions/answers format.</subfield>
    </datafield>
    <datafield tag="546" ind1=" " ind2=" ">
      <subfield code="a">In Tibetan.</subfield>
    </datafield>
    <datafield tag="650" ind1=" " ind2="0">
      <subfield code="a">ʼBri-guṅ-pa (Sect)</subfield>
      <subfield code="x">Doctrines</subfield>
      <subfield code="v">Miscellanea.</subfield>
    </datafield>
    <datafield tag="710" ind1="2" ind2=" ">
      <subfield code="a">Sroṅ-btsan dpe mdzod khaṅ.</subfield>
    </datafield>
  </record>