
  <record>
    <leader>01582cam a2200325 a 4500</leader>
    <controlfield tag="001">  2008308175</controlfield>
    <controlfield tag="003">DLC</controlfield>
    <controlfield tag="005">20090123091532.0</controlfield>
    <controlfield tag="008">080718s2002    ii       b    000 0 eng  </controlfield>
    <datafield tag="010" ind1=" " ind2=" ">
      <subfield code="a">  2008308175</subfield>
    </datafield>
    <datafield tag="020" ind1=" " ind2=" ">
      <subfield code="a">8186470336</subfield>
    </datafield>
    <datafield tag="025" ind1=" " ind2=" ">
      <subfield code="a">I-E-2008-308175; 59-13</subfield>
    </datafield>
    <datafield tag="037" ind1=" " ind2=" ">
      <subfield code="b">Library of Congress -- New Delhi Overseas Office</subfield>
      <subfield code="c">Rs185.00</subfield>
    </datafield>
    <datafield tag="040" ind1=" " ind2=" ">
      <subfield code="a">DLC</subfield>
      <subfield code="c">DLC</subfield>
    </datafield>
    <datafield tag="041" ind1="1" ind2=" ">
      <subfield code="a">eng</subfield>
      <subfield code="a">tib</subfield>
      <subfield code="h">tib</subfield>
    </datafield>
    <datafield tag="042" ind1=" " ind2=" ">
      <subfield code="a">lcode</subfield>
    </datafield>
    <datafield tag="043" ind1=" " ind2=" ">
      <subfield code="a">a-ii---</subfield>
    </datafield>
    <datafield tag="050" ind1="0" ind2="0">
      <subfield code="a">BQ5593.P3</subfield>
      <subfield code="b">N3313 2002</subfield>
    </datafield>
    <datafield tag="100" ind1="0" ind2=" ">
      <subfield code="a">Ṅag-dbaṅ-blo-bzaṅ-rgya-mtsho,</subfield>
      <subfield code="c">Dalai Lama V,</subfield>
      <subfield code="d">1617-1682.</subfield>
    </datafield>
    <datafield tag="240" ind1="1" ind2="0">
      <subfield code="a">Rje btsun bla ma ma hā gu ru Padma-ʼbyuṅ-gnas la gsol ba ʼdebs pa byin rlabs bdud rtsiʼi char rgyun.</subfield>
      <subfield code="l">English &amp; Tibetan</subfield>
    </datafield>
    <datafield tag="245" ind1="1" ind2="0">
      <subfield code="a">Pluvial nectar of blessings :</subfield>
      <subfield code="b">a supplication to the noble Lama Mahaguru Padmasambhava /</subfield>
      <subfield code="c">by His Holiness Ngag-dbang-blo-bzang-rgya-mtsho, the fifth Dalai Lama ; translated from the Tibetan with commentary by Dennis Cordell.</subfield>
    </datafield>
    <datafield tag="260" ind1=" " ind2=" ">
      <subfield code="a">Dharamsala :</subfield>
      <subfield code="b">Library of Tibetan Works and Archives,</subfield>
      <subfield code="c">2002.</subfield>
    </datafield>
    <datafield tag="300" ind1=" " ind2=" ">
      <subfield code="a">viii, 101 p. ;</subfield>
      <subfield code="c">22 cm.</subfield>
    </datafield>
    <datafield tag="504" ind1=" " ind2=" ">
      <subfield code="a">Includes bibliographical references (p. [97]-101).</subfield>
    </datafield>
    <datafield tag="546" ind1=" " ind2=" ">
      <subfield code="a">English and Tibetan</subfield>
      <subfield code="b">(Tibetan also in roman).</subfield>
    </datafield>
    <datafield tag="600" ind1="0" ind2="0">
      <subfield code="a">Padma Sambhava,</subfield>
      <subfield code="d">ca. 717-ca. 762</subfield>
      <subfield code="v">Prayers and devotions.</subfield>
    </datafield>
    <datafield tag="650" ind1=" " ind2="0">
      <subfield code="a">Priests, Buddhist</subfield>
      <subfield code="z">India</subfield>
      <subfield code="v">Prayers and devotions.</subfield>
    </datafield>
    <datafield tag="700" ind1="1" ind2=" ">
      <subfield code="a">Cordell, Dennis.</subfield>
    </datafield>
    <datafield tag="700" ind1="0" ind2="2">
      <subfield code="a">Ṅag-dbaṅ-blo-bzaṅ-rgya-mtsho,</subfield>
      <subfield code="c">Dalai Lama V,</subfield>
      <subfield code="d">1617-1682</subfield>
      <subfield code="t">Rje btsun bla ma ma hā gu ru Padma-ʼbyuṅ-gnas la gsol ba ʼdebs pa byin rlabs bdud rtsiʼi char rgyun.</subfield>
      <subfield code="f">2002</subfield>
    </datafield>
    <datafield tag="710" ind1="2" ind2=" ">
      <subfield code="a">Library of Tibetan Works &amp; Archives.</subfield>
    </datafield>
  </record>