
  <record>
    <leader>01221cam a22002534a 4500</leader>
    <controlfield tag="001">  2008308201</controlfield>
    <controlfield tag="003">DLC</controlfield>
    <controlfield tag="005">20090122162646.0</controlfield>
    <controlfield tag="008">080721s2008    ii            000 0 tibo </controlfield>
    <datafield tag="010" ind1=" " ind2=" ">
      <subfield code="a">  2008308201</subfield>
    </datafield>
    <datafield tag="025" ind1=" " ind2=" ">
      <subfield code="a">I-Tib-2008-308201; 27</subfield>
    </datafield>
    <datafield tag="037" ind1=" " ind2=" ">
      <subfield code="b">Library of Congress -- New Delhi Overseas Office</subfield>
      <subfield code="c">Rs150.00</subfield>
    </datafield>
    <datafield tag="040" ind1=" " ind2=" ">
      <subfield code="a">DLC</subfield>
      <subfield code="c">DLC</subfield>
    </datafield>
    <datafield tag="042" ind1=" " ind2=" ">
      <subfield code="a">lcode</subfield>
    </datafield>
    <datafield tag="050" ind1="0" ind2="0">
      <subfield code="a">BQ4036</subfield>
      <subfield code="b">.B78 2008</subfield>
    </datafield>
    <datafield tag="100" ind1="0" ind2=" ">
      <subfield code="a">Bstan-ʼdzin-rgya-mtsho,</subfield>
      <subfield code="c">Dalai Lama XIV,</subfield>
      <subfield code="d">1935-</subfield>
    </datafield>
    <datafield tag="245" ind1="0" ind2="0">
      <subfield code="a">Bod kyi naṅ chos ṅo sprod sñiṅ bsdus :</subfield>
      <subfield code="b">goṅ sa skyabs mgon chen po mchog nas deṅ dus Bod rigs na gźon rnams la naṅ chos ṅo sprod bstsal ba bźugs so.</subfield>
    </datafield>
    <datafield tag="250" ind1=" " ind2=" ">
      <subfield code="a">Par theṅs 2.</subfield>
    </datafield>
    <datafield tag="260" ind1=" " ind2=" ">
      <subfield code="a">Dharamsala, H.P. :</subfield>
      <subfield code="b">Sku-bcar Rnam-par-rgyal-ba Phan-bde-legs-bśad-gliṅ Grwa-tshaṅ gi Śes-yon Lhan-tshogs,</subfield>
      <subfield code="c">2008.</subfield>
    </datafield>
    <datafield tag="300" ind1=" " ind2=" ">
      <subfield code="a">4, iv, 254 p. ;</subfield>
      <subfield code="c">23 cm.</subfield>
    </datafield>
    <datafield tag="520" ind1=" " ind2=" ">
      <subfield code="a">Series of lectures delivered by His Holiness the Dali Lama to younger generation of Tibetan studying in different colleges and universities in India and students from schools in Dharamsala on the introduction of Buddhist teaching.</subfield>
    </datafield>
    <datafield tag="546" ind1=" " ind2=" ">
      <subfield code="a">In Tibetan.</subfield>
    </datafield>
    <datafield tag="650" ind1=" " ind2="0">
      <subfield code="a">Buddhism</subfield>
      <subfield code="x">Essence, genius, nature.</subfield>
    </datafield>
    <datafield tag="710" ind1="2" ind2=" ">
      <subfield code="a">Rnam-rgyal Grwa-tshaṅ.</subfield>
      <subfield code="b">Śes-yon Lhan-tshogs.</subfield>
    </datafield>
  </record>