
  <record>
    <leader>01111cam a2200289 a 4500</leader>
    <controlfield tag="001">  2008308202</controlfield>
    <controlfield tag="003">DLC</controlfield>
    <controlfield tag="005">20090121092141.0</controlfield>
    <controlfield tag="008">080721s2005    ii b     b    000 0 tibo </controlfield>
    <datafield tag="010" ind1=" " ind2=" ">
      <subfield code="a">  2008308202</subfield>
    </datafield>
    <datafield tag="025" ind1=" " ind2=" ">
      <subfield code="a">I-Tib-2008-308202; 16</subfield>
    </datafield>
    <datafield tag="037" ind1=" " ind2=" ">
      <subfield code="b">Library of Congress -- New Delhi Overseas Office</subfield>
      <subfield code="c">Rs150.00</subfield>
    </datafield>
    <datafield tag="040" ind1=" " ind2=" ">
      <subfield code="a">DLC</subfield>
      <subfield code="c">DLC</subfield>
    </datafield>
    <datafield tag="042" ind1=" " ind2=" ">
      <subfield code="a">lcode</subfield>
    </datafield>
    <datafield tag="043" ind1=" " ind2=" ">
      <subfield code="a">a-cc-ti</subfield>
    </datafield>
    <datafield tag="050" ind1="0" ind2="0">
      <subfield code="a">DS785</subfield>
      <subfield code="b">.T475 2005</subfield>
    </datafield>
    <datafield tag="100" ind1="0" ind2=" ">
      <subfield code="a">Thub-bstan-yar-ʼphel,</subfield>
      <subfield code="c">Rnam-grwa.</subfield>
    </datafield>
    <datafield tag="245" ind1="1" ind2="0">
      <subfield code="a">Bod gaṅs can gyi rgyal rabs mdor bsdus dris lan brgya pa rab gsal śel gyi me loṅ źes bya ba bźugs so /</subfield>
      <subfield code="c">Rnam-grwa Thub-bstan-yar-ʼphel.</subfield>
    </datafield>
    <datafield tag="246" ind1="1" ind2="8">
      <subfield code="a">Rgyal rabs dris lan brgya pa rab gsal śel gyi me loṅ</subfield>
    </datafield>
    <datafield tag="250" ind1=" " ind2=" ">
      <subfield code="a">1st ed.</subfield>
    </datafield>
    <datafield tag="260" ind1=" " ind2=" ">
      <subfield code="a">Dharamsala, H.P. :</subfield>
      <subfield code="b">Sku-bcar Rnam-rgyal Grwa-tshaṅ nas ʼgrems spel źus,</subfield>
      <subfield code="c">2005.</subfield>
    </datafield>
    <datafield tag="300" ind1=" " ind2=" ">
      <subfield code="a">a-e, iv, ii, 407 p. :</subfield>
      <subfield code="b">maps ;</subfield>
      <subfield code="c">23 cm.</subfield>
    </datafield>
    <datafield tag="504" ind1=" " ind2=" ">
      <subfield code="a">Includes bibliographical references (p. 406-407).</subfield>
    </datafield>
    <datafield tag="520" ind1=" " ind2=" ">
      <subfield code="a">History of Tibet in questions/answers format.</subfield>
    </datafield>
    <datafield tag="546" ind1=" " ind2=" ">
      <subfield code="a">In Tibetan.</subfield>
    </datafield>
    <datafield tag="651" ind1=" " ind2="0">
      <subfield code="a">Tibet (China)</subfield>
      <subfield code="x">History</subfield>
      <subfield code="v">Miscellanea.</subfield>
    </datafield>
    <datafield tag="710" ind1="2" ind2=" ">
      <subfield code="a">Rnam-rgyal Grwa-tshaṅ.</subfield>
    </datafield>
  </record>