
  <record>
    <leader>01127cam a22002895a 4500</leader>
    <controlfield tag="001">  2008308478</controlfield>
    <controlfield tag="003">DLC</controlfield>
    <controlfield tag="005">20090123131001.0</controlfield>
    <controlfield tag="008">080728s2007    ii            000 0 tibo </controlfield>
    <datafield tag="010" ind1=" " ind2=" ">
      <subfield code="a">  2008308478</subfield>
    </datafield>
    <datafield tag="025" ind1=" " ind2=" ">
      <subfield code="a">I-Tib-2008-308478; 23</subfield>
    </datafield>
    <datafield tag="037" ind1=" " ind2=" ">
      <subfield code="b">Library of Congress -- New Delhi Overseas Office</subfield>
    </datafield>
    <datafield tag="040" ind1=" " ind2=" ">
      <subfield code="a">DLC</subfield>
      <subfield code="c">DLC</subfield>
    </datafield>
    <datafield tag="042" ind1=" " ind2=" ">
      <subfield code="a">lcode</subfield>
    </datafield>
    <datafield tag="043" ind1=" " ind2=" ">
      <subfield code="a">a-cc-ti</subfield>
      <subfield code="a">a-ii---</subfield>
    </datafield>
    <datafield tag="245" ind1="0" ind2="0">
      <subfield code="a">Śes yon.</subfield>
    </datafield>
    <datafield tag="250" ind1=" " ind2=" ">
      <subfield code="a">1st ed.</subfield>
    </datafield>
    <datafield tag="260" ind1=" " ind2=" ">
      <subfield code="a">Dharamsala, Distt. Kangra, H.P. :</subfield>
      <subfield code="b">Skabs bźi paʼi ʼbriṅ rim dge ʼos slob thon pa thun moṅ gis ʼgrems spel źus,</subfield>
      <subfield code="c">2007.</subfield>
    </datafield>
    <datafield tag="300" ind1=" " ind2=" ">
      <subfield code="a">xii, 419 p. ;</subfield>
      <subfield code="c">22 cm.</subfield>
    </datafield>
    <datafield tag="500" ind1=" " ind2=" ">
      <subfield code="a">Copyright: College for Higher Tibetan Studies.</subfield>
    </datafield>
    <datafield tag="520" ind1=" " ind2=" ">
      <subfield code="a">Contributed articles reflecting new educational policy for development of Tibetan education system in exile Tibetan community and Tibetan language teaching method etc.</subfield>
    </datafield>
    <datafield tag="546" ind1=" " ind2=" ">
      <subfield code="a">In Tibetan.</subfield>
    </datafield>
    <datafield tag="650" ind1=" " ind2="0">
      <subfield code="a">Education and state</subfield>
      <subfield code="z">China</subfield>
      <subfield code="z">Tibet.</subfield>
    </datafield>
    <datafield tag="650" ind1=" " ind2="0">
      <subfield code="a">Tibetans</subfield>
      <subfield code="x">Education</subfield>
      <subfield code="z">India.</subfield>
    </datafield>
    <datafield tag="650" ind1=" " ind2="0">
      <subfield code="a">Tibetan language</subfield>
      <subfield code="x">Study and teaching</subfield>
      <subfield code="z">India.</subfield>
    </datafield>
    <datafield tag="650" ind1=" " ind2="0">
      <subfield code="a">Teaching</subfield>
      <subfield code="x">Methodology.</subfield>
    </datafield>
    <datafield tag="710" ind1="2" ind2=" ">
      <subfield code="a">Sa-rā Bod kyi mtho rim slob gñer khaṅ.</subfield>
    </datafield>
  </record>