
  <record>
    <leader>01230nam a22003494a 4500</leader>
    <controlfield tag="001">  2008543486</controlfield>
    <controlfield tag="003">DLC</controlfield>
    <controlfield tag="005">20090126101044.0</controlfield>
    <controlfield tag="008">081217s1997    ja            000 0 jpn d</controlfield>
    <datafield tag="010" ind1=" " ind2=" ">
      <subfield code="a">  2008543486</subfield>
      <subfield code="z">  2000314247</subfield>
    </datafield>
    <datafield tag="020" ind1=" " ind2=" ">
      <subfield code="a">9784588460050</subfield>
    </datafield>
    <datafield tag="020" ind1=" " ind2=" ">
      <subfield code="a">4588460056</subfield>
    </datafield>
    <datafield tag="035" ind1=" " ind2=" ">
      <subfield code="a">(OCoLC)ocm40868083</subfield>
    </datafield>
    <datafield tag="040" ind1=" " ind2=" ">
      <subfield code="a">UIU</subfield>
      <subfield code="c">UIU</subfield>
      <subfield code="d">TRCLS</subfield>
      <subfield code="d">OCLCG</subfield>
      <subfield code="d">DLC</subfield>
    </datafield>
    <datafield tag="042" ind1=" " ind2=" ">
      <subfield code="a">lccopycat</subfield>
    </datafield>
    <datafield tag="043" ind1=" " ind2=" ">
      <subfield code="a">a-ja---</subfield>
    </datafield>
    <datafield tag="050" ind1="0" ind2="0">
      <subfield code="a">PL832.U25</subfield>
      <subfield code="b">Z96 1997</subfield>
    </datafield>
    <datafield tag="066" ind1=" " ind2=" ">
      <subfield code="c">$1</subfield>
    </datafield>
    <datafield tag="100" ind1="1" ind2=" ">
      <subfield code="6">880-01</subfield>
      <subfield code="a">Yoshida, Hajime,</subfield>
      <subfield code="d">1934-</subfield>
    </datafield>
    <datafield tag="245" ind1="1" ind2="0">
      <subfield code="6">880-02</subfield>
      <subfield code="a">Kubo Sakae 'Kazanbaichi' o yomu /</subfield>
      <subfield code="c">Yoshida Hajime cho.</subfield>
    </datafield>
    <datafield tag="250" ind1=" " ind2=" ">
      <subfield code="6">880-03</subfield>
      <subfield code="a">Shohan.</subfield>
    </datafield>
    <datafield tag="260" ind1=" " ind2=" ">
      <subfield code="6">880-04</subfield>
      <subfield code="a">Tōkyō :</subfield>
      <subfield code="b">Hōsei Daigaku Shuppankyoku,</subfield>
      <subfield code="c">1997.</subfield>
    </datafield>
    <datafield tag="300" ind1=" " ind2=" ">
      <subfield code="a">480 p. ;</subfield>
      <subfield code="c">19 cm.</subfield>
    </datafield>
    <datafield tag="600" ind1="1" ind2="0">
      <subfield code="6">880-05</subfield>
      <subfield code="a">Kubo, Sakae,</subfield>
      <subfield code="d">1901-1958.</subfield>
      <subfield code="t">Kazanbaichi.</subfield>
    </datafield>
    <datafield tag="650" ind1=" " ind2="0">
      <subfield code="a">Japanese drama</subfield>
      <subfield code="y">20th century</subfield>
      <subfield code="x">History and criticism.</subfield>
    </datafield>
    <datafield tag="650" ind1=" " ind2="0">
      <subfield code="a">Political plays, Japanese</subfield>
      <subfield code="x">History and criticism.</subfield>
    </datafield>
    <datafield tag="650" ind1=" " ind2="0">
      <subfield code="a">Theater</subfield>
      <subfield code="z">Japan</subfield>
      <subfield code="x">History.</subfield>
    </datafield>
    <datafield tag="880" ind1="1" ind2=" ">
      <subfield code="6">100-01/$1</subfield>
      <subfield code="a">吉田一,</subfield>
      <subfield code="d">1934-</subfield>
    </datafield>
    <datafield tag="880" ind1="1" ind2="0">
      <subfield code="6">245-02/$1</subfield>
      <subfield code="a">久保栄「火山灰地」を読む /</subfield>
      <subfield code="c">吉田一著.</subfield>
    </datafield>
    <datafield tag="880" ind1=" " ind2=" ">
      <subfield code="6">250-03/$1</subfield>
      <subfield code="a">初版.</subfield>
    </datafield>
    <datafield tag="880" ind1=" " ind2=" ">
      <subfield code="6">260-04/$1</subfield>
      <subfield code="a">東京 :</subfield>
      <subfield code="b">法政大学出版局,</subfield>
      <subfield code="c">1997.</subfield>
    </datafield>
    <datafield tag="880" ind1="1" ind2="0">
      <subfield code="6">600-05/$1</subfield>
      <subfield code="a">久保栄,</subfield>
      <subfield code="d">1901-1958.</subfield>
      <subfield code="t">Kazanbaichi.</subfield>
    </datafield>
  </record>